id,DayOfWeek,Date,Sales,Customers,Open,Promo,SchoolHoliday,High_Var,Luxury
1,2,1/1/13,0,0,0,0,1,0,1
1,3,1/2/13,5530,668,1,0,1,0,1
1,4,1/3/13,4327,578,1,0,1,0,1
1,5,1/4/13,4486,619,1,0,1,0,1
1,6,1/5/13,4997,635,1,0,1,0,1
1,7,1/6/13,0,0,0,0,1,0,1
1,1,1/7/13,7176,785,1,1,1,0,1
1,2,1/8/13,5580,654,1,1,1,0,1
1,3,1/9/13,5471,626,1,1,1,0,1
1,4,1/10/13,4892,615,1,1,1,0,1
1,5,1/11/13,4881,592,1,1,1,0,1
1,6,1/12/13,4952,646,1,0,0,0,1
1,7,1/13/13,0,0,0,0,0,0,1
1,1,1/14/13,4717,616,1,0,0,0,1
1,2,1/15/13,3900,512,1,0,0,0,1
1,3,1/16/13,4008,530,1,0,0,0,1
1,4,1/17/13,4044,503,1,0,0,0,1
1,5,1/18/13,4127,568,1,0,0,0,1
1,6,1/19/13,5182,688,1,0,0,0,1
1,7,1/20/13,0,0,0,0,0,0,1
1,1,1/21/13,5394,607,1,1,0,0,1
1,2,1/22/13,5720,667,1,1,0,0,1
1,3,1/23/13,5578,627,1,1,0,0,1
1,4,1/24/13,5195,645,1,1,0,0,1
1,5,1/25/13,5586,676,1,1,0,0,1
1,6,1/26/13,5598,640,1,0,0,0,1
1,7,1/27/13,0,0,0,0,0,0,1
1,1,1/28/13,4055,549,1,0,0,0,1
1,2,1/29/13,3725,522,1,0,0,0,1
1,3,1/30/13,4601,560,1,0,0,0,1
1,4,1/31/13,4709,571,1,0,0,0,1
1,5,2/1/13,5633,658,1,0,0,0,1
1,6,2/2/13,5970,701,1,0,0,0,1
1,7,2/3/13,0,0,0,0,0,0,1
1,1,2/4/13,7032,762,1,1,0,0,1
1,2,2/5/13,6049,678,1,1,0,0,1
1,3,2/6/13,6140,693,1,1,0,0,1
1,4,2/7/13,5499,675,1,1,0,0,1
1,5,2/8/13,5681,630,1,1,0,0,1
1,6,2/9/13,5370,656,1,0,0,0,1
1,7,2/10/13,0,0,0,0,0,0,1
1,1,2/11/13,4409,599,1,0,0,0,1
1,2,2/12/13,4015,572,1,0,0,0,1
1,3,2/13/13,4252,604,1,0,0,0,1
1,4,2/14/13,4241,573,1,0,0,0,1
1,5,2/15/13,4809,607,1,0,0,0,1
1,6,2/16/13,6154,682,1,0,0,0,1
1,7,2/17/13,0,0,0,0,0,0,1
1,1,2/18/13,6407,710,1,1,0,0,1
1,2,2/19/13,5386,608,1,1,0,0,1
1,3,2/20/13,5660,684,1,1,0,0,1
1,4,2/21/13,5261,629,1,1,0,0,1
1,5,2/22/13,5000,599,1,1,0,0,1
1,6,2/23/13,5237,650,1,0,0,0,1
1,7,2/24/13,0,0,0,0,0,0,1
1,1,2/25/13,4038,534,1,0,0,0,1
1,2,2/26/13,3794,525,1,0,0,0,1
1,3,2/27/13,4558,579,1,0,0,0,1
1,4,2/28/13,4676,581,1,0,0,0,1
1,5,3/1/13,4611,584,1,0,0,0,1
1,6,3/2/13,5350,678,1,0,0,0,1
1,7,3/3/13,0,0,0,0,0,0,1
1,1,3/4/13,7675,840,1,1,0,0,1
1,2,3/5/13,6300,715,1,1,0,0,1
1,3,3/6/13,5973,678,1,1,0,0,1
1,4,3/7/13,5637,702,1,1,0,0,1
1,5,3/8/13,5853,694,1,1,0,0,1
1,6,3/9/13,5578,734,1,0,0,0,1
1,7,3/10/13,0,0,0,0,0,0,1
1,1,3/11/13,4949,618,1,0,0,0,1
1,2,3/12/13,3853,491,1,0,0,0,1
1,3,3/13/13,4341,622,1,0,0,0,1
1,4,3/14/13,5108,660,1,0,0,0,1
1,5,3/15/13,4925,677,1,0,0,0,1
1,6,3/16/13,5003,680,1,0,0,0,1
1,7,3/17/13,0,0,0,0,0,0,1
1,1,3/18/13,7072,778,1,1,0,0,1
1,2,3/19/13,6563,719,1,1,0,0,1
1,3,3/20/13,5598,688,1,1,0,0,1
1,4,3/21/13,5179,662,1,1,0,0,1
1,5,3/22/13,5506,694,1,1,0,0,1
1,6,3/23/13,5603,682,1,0,0,0,1
1,7,3/24/13,0,0,0,0,0,0,1
1,1,3/25/13,6729,777,1,1,1,0,1
1,2,3/26/13,6686,747,1,1,1,0,1
1,3,3/27/13,6660,779,1,1,1,0,1
1,4,3/28/13,7285,902,1,1,1,0,1
1,5,3/29/13,0,0,0,1,1,0,1
1,6,3/30/13,7132,773,1,0,0,0,1
1,7,3/31/13,0,0,0,0,0,0,1
1,1,4/1/13,0,0,0,0,1,0,1
1,2,4/2/13,5484,629,1,0,1,0,1
1,3,4/3/13,4625,594,1,0,1,0,1
1,4,4/4/13,4293,566,1,0,1,0,1
1,5,4/5/13,4390,571,1,0,1,0,1
1,6,4/6/13,5075,657,1,0,0,0,1
1,7,4/7/13,0,0,0,0,0,0,1
1,1,4/8/13,6046,695,1,1,0,0,1
1,2,4/9/13,5514,594,1,1,0,0,1
1,3,4/10/13,4903,575,1,1,0,0,1
1,4,4/11/13,4366,541,1,1,0,0,1
1,5,4/12/13,5263,614,1,1,0,0,1
1,6,4/13/13,4773,608,1,0,0,0,1
1,7,4/14/13,0,0,0,0,0,0,1
1,1,4/15/13,3941,526,1,0,0,0,1
1,2,4/16/13,3357,453,1,0,0,0,1
1,3,4/17/13,3649,500,1,0,0,0,1
1,4,4/18/13,2952,432,1,0,0,0,1
1,5,4/19/13,4303,526,1,0,0,0,1
1,6,4/20/13,4350,546,1,0,0,0,1
1,7,4/21/13,0,0,0,0,0,0,1
1,1,4/22/13,5672,623,1,1,0,0,1
1,2,4/23/13,4492,560,1,1,0,0,1
1,3,4/24/13,4309,512,1,1,0,0,1
1,4,4/25/13,3939,532,1,1,0,0,1
1,5,4/26/13,4841,572,1,1,0,0,1
1,6,4/27/13,5726,650,1,0,0,0,1
1,7,4/28/13,0,0,0,0,0,0,1
1,1,4/29/13,5821,641,1,1,0,0,1
1,2,4/30/13,5925,665,1,1,0,0,1
1,3,5/1/13,0,0,0,1,0,0,1
1,4,5/2/13,6486,677,1,1,0,0,1
1,5,5/3/13,6027,658,1,1,0,0,1
1,6,5/4/13,5912,813,1,0,0,0,1
1,7,5/5/13,0,0,0,0,0,0,1
1,1,5/6/13,4568,562,1,0,0,0,1
1,2,5/7/13,4624,540,1,0,0,0,1
1,3,5/8/13,5230,631,1,0,0,0,1
1,4,5/9/13,0,0,0,0,0,0,1
1,5,5/10/13,5409,644,1,0,0,0,1
1,6,5/11/13,5064,640,1,0,0,0,1
1,7,5/12/13,0,0,0,0,0,0,1
1,1,5/13/13,6106,660,1,1,0,0,1
1,2,5/14/13,5083,574,1,1,0,0,1
1,3,5/15/13,4790,576,1,1,0,0,1
1,4,5/16/13,4448,544,1,1,0,0,1
1,5,5/17/13,4856,597,1,1,0,0,1
1,6,5/18/13,4413,535,1,0,0,0,1
1,7,5/19/13,0,0,0,0,0,0,1
1,1,5/20/13,0,0,0,0,0,0,1
1,2,5/21/13,4789,602,1,0,0,0,1
1,3,5/22/13,3559,507,1,0,0,0,1
1,4,5/23/13,4030,536,1,0,0,0,1
1,5,5/24/13,4232,534,1,0,0,0,1
1,6,5/25/13,4408,538,1,0,0,0,1
1,7,5/26/13,0,0,0,0,0,0,1
1,1,5/27/13,5519,606,1,1,0,0,1
1,2,5/28/13,4995,555,1,1,0,0,1
1,3,5/29/13,5784,641,1,1,0,0,1
1,4,5/30/13,0,0,0,1,0,0,1
1,5,5/31/13,7893,795,1,1,0,0,1
1,6,6/1/13,5693,662,1,0,0,0,1
1,7,6/2/13,0,0,0,0,0,0,1
1,1,6/3/13,5422,619,1,1,0,0,1
1,2,6/4/13,5220,558,1,1,0,0,1
1,3,6/5/13,5012,575,1,1,0,0,1
1,4,6/6/13,4881,555,1,1,0,0,1
1,5,6/7/13,4315,541,1,1,0,0,1
1,6,6/8/13,4262,511,1,0,0,0,1
1,7,6/9/13,0,0,0,0,0,0,1
1,1,6/10/13,4291,531,1,0,0,0,1
1,2,6/11/13,3784,500,1,0,0,0,1
1,3,6/12/13,3563,476,1,0,0,0,1
1,4,6/13/13,3661,461,1,0,0,0,1
1,5,6/14/13,4150,529,1,0,0,0,1
1,6,6/15/13,4766,567,1,0,0,0,1
1,7,6/16/13,0,0,0,0,0,0,1
1,1,6/17/13,5337,585,1,1,0,0,1
1,2,6/18/13,4633,554,1,1,0,0,1
1,3,6/19/13,4180,517,1,1,0,0,1
1,4,6/20/13,5011,539,1,1,0,0,1
1,5,6/21/13,5173,542,1,1,0,0,1
1,6,6/22/13,4341,512,1,0,0,0,1
1,7,6/23/13,0,0,0,0,0,0,1
1,1,6/24/13,3549,494,1,0,0,0,1
1,2,6/25/13,4536,528,1,0,0,0,1
1,3,6/26/13,3827,508,1,0,0,0,1
1,4,6/27/13,3593,464,1,0,0,0,1
1,5,6/28/13,4407,568,1,0,0,0,1
1,6,6/29/13,5804,671,1,0,0,0,1
1,7,6/30/13,0,0,0,0,0,0,1
1,1,7/1/13,5614,614,1,1,0,0,1
1,2,7/2/13,5868,614,1,1,0,0,1
1,3,7/3/13,5875,634,1,1,0,0,1
1,4,7/4/13,5701,634,1,1,0,0,1
1,5,7/5/13,4986,603,1,1,0,0,1
1,6,7/6/13,4090,498,1,0,1,0,1
1,7,7/7/13,0,0,0,0,1,0,1
1,1,7/8/13,4475,523,1,0,1,0,1
1,2,7/9/13,4047,503,1,0,1,0,1
1,3,7/10/13,3963,496,1,0,1,0,1
1,4,7/11/13,4053,486,1,0,1,0,1
1,5,7/12/13,4134,514,1,0,1,0,1
1,6,7/13/13,4015,490,1,0,1,0,1
1,7,7/14/13,0,0,0,0,1,0,1
1,1,7/15/13,6377,657,1,1,1,0,1
1,2,7/16/13,5643,582,1,1,1,0,1
1,3,7/17/13,4946,544,1,1,1,0,1
1,4,7/18/13,4904,533,1,1,1,0,1
1,5,7/19/13,4275,495,1,1,1,0,1
1,6,7/20/13,4421,544,1,0,1,0,1
1,7,7/21/13,0,0,0,0,1,0,1
1,1,7/22/13,4149,493,1,0,1,0,1
1,2,7/23/13,3937,497,1,0,1,0,1
1,3,7/24/13,3849,453,1,0,1,0,1
1,4,7/25/13,3502,451,1,0,1,0,1
1,5,7/26/13,4221,516,1,0,1,0,1
1,6,7/27/13,3352,456,1,0,1,0,1
1,7,7/28/13,0,0,0,0,1,0,1
1,1,7/29/13,6290,630,1,1,1,0,1
1,2,7/30/13,5773,630,1,1,1,0,1
1,3,7/31/13,5572,624,1,1,1,0,1
1,4,8/1/13,4994,555,1,1,1,0,1
1,5,8/2/13,4494,562,1,1,1,0,1
1,6,8/3/13,4461,553,1,0,1,0,1
1,7,8/4/13,0,0,0,0,1,0,1
1,1,8/5/13,4086,522,1,0,1,0,1
1,2,8/6/13,3582,477,1,0,1,0,1
1,3,8/7/13,4143,512,1,0,1,0,1
1,4,8/8/13,3680,466,1,0,1,0,1
1,5,8/9/13,3257,418,1,0,1,0,1
1,6,8/10/13,3768,457,1,0,1,0,1
1,7,8/11/13,0,0,0,0,1,0,1
1,1,8/12/13,5326,600,1,1,1,0,1
1,2,8/13/13,5299,573,1,1,1,0,1
1,3,8/14/13,4724,574,1,1,1,0,1
1,4,8/15/13,4575,538,1,1,1,0,1
1,5,8/16/13,4552,527,1,1,1,0,1
1,6,8/17/13,4078,503,1,0,0,0,1
1,7,8/18/13,0,0,0,0,0,0,1
1,1,8/19/13,3954,513,1,0,0,0,1
1,2,8/20/13,3492,475,1,0,0,0,1
1,3,8/21/13,3096,441,1,0,0,0,1
1,4,8/22/13,3703,498,1,0,0,0,1
1,5,8/23/13,3493,445,1,0,0,0,1
1,6,8/24/13,4752,601,1,0,0,0,1
1,7,8/25/13,0,0,0,0,0,0,1
1,1,8/26/13,5482,613,1,1,0,0,1
1,2,8/27/13,5156,556,1,1,0,0,1
1,3,8/28/13,4583,507,1,1,0,0,1
1,4,8/29/13,4804,534,1,1,0,0,1
1,5,8/30/13,5469,612,1,1,0,0,1
1,6,8/31/13,5317,598,1,0,0,0,1
1,7,9/1/13,0,0,0,0,0,0,1
1,1,9/2/13,4195,496,1,0,0,0,1
1,2,9/3/13,3928,507,1,0,0,0,1
1,3,9/4/13,3343,444,1,0,0,0,1
1,4,9/5/13,3883,465,1,0,0,0,1
1,5,9/6/13,3836,466,1,0,0,0,1
1,6,9/7/13,4663,555,1,0,0,0,1
1,7,9/8/13,0,0,0,0,0,0,1
1,1,9/9/13,5893,601,1,1,0,0,1
1,2,9/10/13,5403,599,1,1,0,0,1
1,3,9/11/13,5103,580,1,1,0,0,1
1,4,9/12/13,5079,586,1,1,0,0,1
1,5,9/13/13,5187,559,1,1,0,0,1
1,6,9/14/13,4663,619,1,0,0,0,1
1,7,9/15/13,0,0,0,0,0,0,1
1,1,9/16/13,4249,568,1,0,0,0,1
1,2,9/17/13,3685,502,1,0,0,0,1
1,3,9/18/13,3946,507,1,0,0,0,1
1,4,9/19/13,3717,469,1,0,0,0,1
1,5,9/20/13,3516,494,1,0,0,0,1
1,6,9/21/13,3909,522,1,0,0,0,1
1,7,9/22/13,0,0,0,0,0,0,1
1,1,9/23/13,4770,542,1,1,0,0,1
1,2,9/24/13,4274,492,1,1,0,0,1
1,3,9/25/13,4212,500,1,1,0,0,1
1,4,9/26/13,4481,537,1,1,0,0,1
1,5,9/27/13,4669,548,1,1,0,0,1
1,6,9/28/13,4175,538,1,0,0,0,1
1,7,9/29/13,0,0,0,0,0,0,1
1,1,9/30/13,4088,516,1,0,0,0,1
1,2,10/1/13,4178,508,1,0,0,0,1
1,3,10/2/13,4001,509,1,0,0,0,1
1,4,10/3/13,0,0,0,0,0,0,1
1,5,10/4/13,5447,619,1,0,0,0,1
1,6,10/5/13,5352,662,1,0,0,0,1
1,7,10/6/13,0,0,0,0,0,0,1
1,1,10/7/13,6004,626,1,1,0,0,1
1,2,10/8/13,5452,592,1,1,0,0,1
1,3,10/9/13,4957,596,1,1,0,0,1
1,4,10/10/13,5286,596,1,1,0,0,1
1,5,10/11/13,5896,670,1,1,0,0,1
1,6,10/12/13,4954,608,1,0,0,0,1
1,7,10/13/13,0,0,0,0,0,0,1
1,1,10/14/13,3773,478,1,0,1,0,1
1,2,10/15/13,3355,457,1,0,1,0,1
1,3,10/16/13,3383,452,1,0,1,0,1
1,4,10/17/13,3223,446,1,0,1,0,1
1,5,10/18/13,3566,490,1,0,1,0,1
1,6,10/19/13,3667,479,1,0,1,0,1
1,7,10/20/13,0,0,0,0,1,0,1
1,1,10/21/13,5055,571,1,1,1,0,1
1,2,10/22/13,4068,504,1,1,1,0,1
1,3,10/23/13,4612,505,1,1,1,0,1
1,4,10/24/13,4044,498,1,1,1,0,1
1,5,10/25/13,4573,576,1,1,1,0,1
1,6,10/26/13,4347,535,1,0,0,0,1
1,7,10/27/13,0,0,0,0,0,0,1
1,1,10/28/13,3557,494,1,0,0,0,1
1,2,10/29/13,3737,479,1,0,0,0,1
1,3,10/30/13,4119,496,1,0,0,0,1
1,4,10/31/13,4035,514,1,0,0,0,1
1,5,11/1/13,5471,707,1,0,0,0,1
1,6,11/2/13,5233,653,1,0,0,0,1
1,7,11/3/13,0,0,0,0,0,0,1
1,1,11/4/13,5861,620,1,1,0,0,1
1,2,11/5/13,5348,628,1,1,0,0,1
1,3,11/6/13,5572,611,1,1,0,0,1
1,4,11/7/13,5009,575,1,1,0,0,1
1,5,11/8/13,5242,583,1,1,0,0,1
1,6,11/9/13,4681,582,1,0,0,0,1
1,7,11/10/13,0,0,0,0,0,0,1
1,1,11/11/13,4014,519,1,0,0,0,1
1,2,11/12/13,4017,507,1,0,0,0,1
1,3,11/13/13,3310,464,1,0,0,0,1
1,4,11/14/13,3795,502,1,0,0,0,1
1,5,11/15/13,4016,504,1,0,0,0,1
1,6,11/16/13,5071,616,1,0,0,0,1
1,7,11/17/13,0,0,0,0,0,0,1
1,1,11/18/13,5927,681,1,1,0,0,1
1,2,11/19/13,5143,583,1,1,0,0,1
1,3,11/20/13,4936,586,1,1,0,0,1
1,4,11/21/13,4623,545,1,1,0,0,1
1,5,11/22/13,5058,581,1,1,0,0,1
1,6,11/23/13,5297,614,1,0,0,0,1
1,7,11/24/13,0,0,0,0,0,0,1
1,1,11/25/13,4600,575,1,0,0,0,1
1,2,11/26/13,4201,524,1,0,0,0,1
1,3,11/27/13,4561,530,1,0,0,0,1
1,4,11/28/13,4614,585,1,0,0,0,1
1,5,11/29/13,5623,665,1,0,0,0,1
1,6,11/30/13,6373,730,1,0,0,0,1
1,7,12/1/13,0,0,0,0,0,0,1
1,1,12/2/13,6943,754,1,1,0,0,1
1,2,12/3/13,6293,658,1,1,0,0,1
1,3,12/4/13,5688,627,1,1,0,0,1
1,4,12/5/13,5691,685,1,1,0,0,1
1,5,12/6/13,6112,673,1,1,0,0,1
1,6,12/7/13,5799,723,1,0,0,0,1
1,7,12/8/13,0,0,0,0,0,0,1
1,1,12/9/13,4462,576,1,0,0,0,1
1,2,12/10/13,4228,581,1,0,0,0,1
1,3,12/11/13,4301,543,1,0,0,0,1
1,4,12/12/13,4074,558,1,0,0,0,1
1,5,12/13/13,4703,594,1,0,0,0,1
1,6,12/14/13,6119,743,1,0,0,0,1
1,7,12/15/13,0,0,0,0,0,0,1
1,1,12/16/13,8277,825,1,1,0,0,1
1,2,12/17/13,7356,808,1,1,0,0,1
1,3,12/18/13,7821,828,1,1,0,0,1
1,4,12/19/13,6788,782,1,1,0,0,1
1,5,12/20/13,8414,895,1,1,0,0,1
1,6,12/21/13,8043,927,1,0,0,0,1
1,7,12/22/13,0,0,0,0,0,0,1
1,1,12/23/13,9528,1130,1,0,1,0,1
1,2,12/24/13,3204,385,1,0,1,0,1
1,3,12/25/13,0,0,0,0,1,0,1
1,4,12/26/13,0,0,0,0,1,0,1
1,5,12/27/13,6110,737,1,0,1,0,1
1,6,12/28/13,5659,716,1,0,1,0,1
1,7,12/29/13,0,0,0,0,1,0,1
1,1,12/30/13,7193,796,1,0,1,0,1
1,2,12/31/13,2362,298,1,0,1,0,1
1,3,1/1/14,0,0,0,0,1,0,1
1,4,1/2/14,4969,618,1,0,1,0,1
1,5,1/3/14,4190,552,1,0,1,0,1
1,6,1/4/14,5173,660,1,0,1,0,1
1,7,1/5/14,0,0,0,0,1,0,1
1,1,1/6/14,6194,649,1,1,1,0,1
1,2,1/7/14,5539,607,1,1,1,0,1
1,3,1/8/14,4931,589,1,1,1,0,1
1,4,1/9/14,4396,539,1,1,1,0,1
1,5,1/10/14,4486,559,1,1,1,0,1
1,6,1/11/14,4454,569,1,0,0,0,1
1,7,1/12/14,0,0,0,0,0,0,1
1,1,1/13/14,3994,545,1,0,0,0,1
1,2,1/14/14,3621,464,1,0,0,0,1
1,3,1/15/14,3776,486,1,0,0,0,1
1,4,1/16/14,3632,477,1,0,0,0,1
1,5,1/17/14,3803,479,1,0,0,0,1
1,6,1/18/14,5128,630,1,0,0,0,1
1,7,1/19/14,0,0,0,0,0,0,1
1,1,1/20/14,6148,653,1,1,0,0,1
1,2,1/21/14,5151,551,1,1,0,0,1
1,3,1/22/14,4562,549,1,1,0,0,1
1,4,1/23/14,4597,525,1,1,0,0,1
1,5,1/24/14,5098,587,1,1,0,0,1
1,6,1/25/14,4546,561,1,0,0,0,1
1,7,1/26/14,0,0,0,0,0,0,1
1,1,1/27/14,3601,517,1,0,0,0,1
1,2,1/28/14,3581,453,1,0,0,0,1
1,3,1/29/14,3789,491,1,0,0,0,1
1,4,1/30/14,4549,543,1,0,0,0,1
1,5,1/31/14,4906,589,1,0,0,0,1
1,6,2/1/14,5292,667,1,0,0,0,1
1,7,2/2/14,0,0,0,0,0,0,1
1,1,2/3/14,5839,638,1,1,0,0,1
1,2,2/4/14,5540,602,1,1,0,0,1
1,3,2/5/14,5031,581,1,1,0,0,1
1,4,2/6/14,4823,557,1,1,0,0,1
1,5,2/7/14,5596,636,1,1,0,0,1
1,6,2/8/14,4726,620,1,0,0,0,1
1,7,2/9/14,0,0,0,0,0,0,1
1,1,2/10/14,3591,502,1,0,0,0,1
1,2,2/11/14,3461,481,1,0,0,0,1
1,3,2/12/14,3662,508,1,0,0,0,1
1,4,2/13/14,3638,517,1,0,0,0,1
1,5,2/14/14,4647,591,1,0,0,0,1
1,6,2/15/14,5258,655,1,0,0,0,1
1,7,2/16/14,0,0,0,0,0,0,1
1,1,2/17/14,5393,606,1,1,0,0,1
1,2,2/18/14,4602,556,1,1,0,0,1
1,3,2/19/14,4935,547,1,1,0,0,1
1,4,2/20/14,4563,559,1,1,0,0,1
1,5,2/21/14,4727,550,1,1,0,0,1
1,6,2/22/14,4820,623,1,0,0,0,1
1,7,2/23/14,0,0,0,0,0,0,1
1,1,2/24/14,3826,481,1,0,0,0,1
1,2,2/25/14,3499,470,1,0,0,0,1
1,3,2/26/14,4108,491,1,0,0,0,1
1,4,2/27/14,3826,519,1,0,0,0,1
1,5,2/28/14,5031,603,1,0,0,0,1
1,6,3/1/14,5307,655,1,0,0,0,1
1,7,3/2/14,0,0,0,0,0,0,1
1,1,3/3/14,6198,616,1,1,0,0,1
1,2,3/4/14,5397,619,1,1,0,0,1
1,3,3/5/14,4916,592,1,1,0,0,1
1,4,3/6/14,4585,542,1,1,0,0,1
1,5,3/7/14,5340,588,1,1,0,0,1
1,6,3/8/14,4400,550,1,0,0,0,1
1,7,3/9/14,0,0,0,0,0,0,1
1,1,3/10/14,3573,469,1,0,0,0,1
1,2,3/11/14,3588,476,1,0,0,0,1
1,3,3/12/14,3805,499,1,0,0,0,1
1,4,3/13/14,3224,450,1,0,0,0,1
1,5,3/14/14,3883,502,1,0,0,0,1
1,6,3/15/14,5042,630,1,0,0,0,1
1,7,3/16/14,0,0,0,0,0,0,1
1,1,3/17/14,5563,628,1,1,0,0,1
1,2,3/18/14,5200,635,1,1,0,0,1
1,3,3/19/14,4036,496,1,1,0,0,1
1,4,3/20/14,4023,485,1,1,0,0,1
1,5,3/21/14,4510,542,1,1,0,0,1
1,6,3/22/14,5241,628,1,0,0,0,1
1,7,3/23/14,0,0,0,0,0,0,1
1,1,3/24/14,3850,511,1,0,0,0,1
1,2,3/25/14,3136,448,1,0,0,0,1
1,3,3/26/14,3225,443,1,0,0,0,1
1,4,3/27/14,3847,512,1,0,0,0,1
1,5,3/28/14,3987,471,1,0,0,0,1
1,6,3/29/14,4583,548,1,0,0,0,1
1,7,3/30/14,0,0,0,0,0,0,1
1,1,3/31/14,6008,640,1,1,0,0,1
1,2,4/1/14,5407,583,1,1,0,0,1
1,3,4/2/14,4834,539,1,1,0,0,1
1,4,4/3/14,4556,526,1,1,0,0,1
1,5,4/4/14,4738,552,1,1,0,0,1
1,6,4/5/14,4599,571,1,0,0,0,1
1,7,4/6/14,0,0,0,0,0,0,1
1,1,4/7/14,3751,497,1,0,0,0,1
1,2,4/8/14,3990,496,1,0,0,0,1
1,3,4/9/14,3919,528,1,0,0,0,1
1,4,4/10/14,3948,501,1,0,0,0,1
1,5,4/11/14,3733,507,1,0,0,0,1
1,6,4/12/14,4435,570,1,0,0,0,1
1,7,4/13/14,0,0,0,0,0,0,1
1,1,4/14/14,6803,693,1,1,1,0,1
1,2,4/15/14,6196,672,1,1,1,0,1
1,3,4/16/14,6381,662,1,1,1,0,1
1,4,4/17/14,6160,703,1,1,1,0,1
1,5,4/18/14,0,0,0,1,1,0,1
1,6,4/19/14,5871,642,1,0,1,0,1
1,7,4/20/14,0,0,0,0,1,0,1
1,1,4/21/14,0,0,0,0,1,0,1
1,2,4/22/14,4133,563,1,0,1,0,1
1,3,4/23/14,3482,434,1,0,1,0,1
1,4,4/24/14,3376,461,1,0,1,0,1
1,5,4/25/14,3710,468,1,0,1,0,1
1,6,4/26/14,3989,535,1,0,0,0,1
1,7,4/27/14,0,0,0,0,0,0,1
1,1,4/28/14,5488,607,1,1,0,0,1
1,2,4/29/14,5923,628,1,1,0,0,1
1,3,4/30/14,5870,624,1,1,0,0,1
1,4,5/1/14,0,0,0,1,0,0,1
1,5,5/2/14,6790,732,1,1,0,0,1
1,6,5/3/14,5498,633,1,0,0,0,1
1,7,5/4/14,0,0,0,0,0,0,1
1,1,5/5/14,5325,615,1,1,0,0,1
1,2,5/6/14,5055,585,1,1,0,0,1
1,3,5/7/14,5075,604,1,1,0,0,1
1,4,5/8/14,5222,614,1,1,0,0,1
1,5,5/9/14,5237,622,1,1,0,0,1
1,6,5/10/14,5996,710,1,0,0,0,1
1,7,5/11/14,0,0,0,0,0,0,1
1,1,5/12/14,3957,555,1,0,0,0,1
1,2,5/13/14,3535,449,1,0,0,0,1
1,3,5/14/14,3710,474,1,0,0,0,1
1,4,5/15/14,3589,491,1,0,0,0,1
1,5,5/16/14,3863,479,1,0,0,0,1
1,6,5/17/14,3785,512,1,0,0,0,1
1,7,5/18/14,0,0,0,0,0,0,1
1,1,5/19/14,5637,608,1,1,0,0,1
1,2,5/20/14,4909,549,1,1,0,0,1
1,3,5/21/14,4298,510,1,1,0,0,1
1,4,5/22/14,3801,481,1,1,0,0,1
1,5,5/23/14,4968,526,1,1,0,0,1
1,6,5/24/14,4574,516,1,0,0,0,1
1,7,5/25/14,0,0,0,0,0,0,1
1,1,5/26/14,3912,494,1,0,0,0,1
1,2,5/27/14,3971,511,1,0,0,0,1
1,3,5/28/14,4616,581,1,0,0,0,1
1,4,5/29/14,0,0,0,0,0,0,1
1,5,5/30/14,5407,628,1,0,0,0,1
1,6,5/31/14,4985,560,1,0,0,0,1
1,7,6/1/14,0,0,0,0,0,0,1
1,1,6/2/14,6071,609,1,1,0,0,1
1,2,6/3/14,5614,593,1,1,0,0,1
1,3,6/4/14,5229,570,1,1,0,0,1
1,4,6/5/14,5278,585,1,1,0,0,1
1,5,6/6/14,4957,575,1,1,0,0,1
1,6,6/7/14,4923,555,1,0,0,0,1
1,7,6/8/14,0,0,0,0,0,0,1
1,1,6/9/14,0,0,0,0,0,0,1
1,2,6/10/14,4607,560,1,0,0,0,1
1,3,6/11/14,4207,535,1,0,0,0,1
1,4,6/12/14,3702,489,1,0,0,0,1
1,5,6/13/14,3901,498,1,0,0,0,1
1,6,6/14/14,4757,562,1,0,0,0,1
1,7,6/15/14,0,0,0,0,0,0,1
1,1,6/16/14,4788,529,1,1,0,0,1
1,2,6/17/14,5770,594,1,1,0,0,1
1,3,6/18/14,5256,567,1,1,0,0,1
1,4,6/19/14,0,0,0,1,0,0,1
1,5,6/20/14,6362,709,1,1,0,0,1
1,6,6/21/14,3982,496,1,0,0,0,1
1,7,6/22/14,0,0,0,0,0,0,1
1,1,6/23/14,3755,456,1,0,0,0,1
1,2,6/24/14,3351,444,1,0,0,0,1
1,3,6/25/14,3727,440,1,0,0,0,1
1,4,6/26/14,2749,368,1,0,0,0,1
1,5,6/27/14,4019,501,1,0,0,0,1
1,6,6/28/14,5162,566,1,0,0,0,1
1,7,6/29/14,0,0,0,0,0,0,1
1,1,6/30/14,5738,641,1,1,0,0,1
1,2,7/1/14,5138,533,1,1,0,0,1
1,3,7/2/14,5161,560,1,1,0,0,1
1,4,7/3/14,4756,514,1,1,0,0,1
1,5,7/4/14,4025,450,1,1,0,0,1
1,6,7/5/14,5176,589,1,0,0,0,1
1,7,7/6/14,0,0,0,0,0,0,1
1,1,7/7/14,4223,505,1,0,0,0,1
1,2,7/8/14,4081,510,1,0,0,0,1
1,3,7/9/14,3547,485,1,0,0,0,1
1,4,7/10/14,3741,472,1,0,0,0,1
1,5,7/11/14,4020,463,1,0,0,0,1
1,6,7/12/14,4409,531,1,0,0,0,1
1,7,7/13/14,0,0,0,0,0,0,1
1,1,7/14/14,5083,532,1,1,0,0,1
1,2,7/15/14,5298,538,1,1,0,0,1
1,3,7/16/14,5424,566,1,1,0,0,1
1,4,7/17/14,4685,525,1,1,0,0,1
1,5,7/18/14,4609,506,1,1,0,0,1
1,6,7/19/14,4084,477,1,0,0,0,1
1,7,7/20/14,0,0,0,0,0,0,1
1,1,7/21/14,4507,528,1,0,0,0,1
1,2,7/22/14,3933,495,1,0,0,0,1
1,3,7/23/14,3806,476,1,0,0,0,1
1,4,7/24/14,3557,494,1,0,0,0,1
1,5,7/25/14,3858,461,1,0,0,0,1
1,6,7/26/14,4266,488,1,0,0,0,1
1,7,7/27/14,0,0,0,0,0,0,1
1,1,7/28/14,5372,584,1,1,1,0,1
1,2,7/29/14,5252,591,1,1,1,0,1
1,3,7/30/14,5487,587,1,1,1,0,1
1,4,7/31/14,5106,575,1,1,0,0,1
1,5,8/1/14,5038,572,1,1,1,0,1
1,6,8/2/14,4731,555,1,0,1,0,1
1,7,8/3/14,0,0,0,0,1,0,1
1,1,8/4/14,5655,592,1,1,1,0,1
1,2,8/5/14,5433,620,1,1,1,0,1
1,3,8/6/14,5337,575,1,1,1,0,1
1,4,8/7/14,4154,480,1,1,1,0,1
1,5,8/8/14,4451,503,1,1,1,0,1
1,6,8/9/14,4174,504,1,0,1,0,1
1,7,8/10/14,0,0,0,0,1,0,1
1,1,8/11/14,3886,505,1,0,1,0,1
1,2,8/12/14,3185,421,1,0,1,0,1
1,3,8/13/14,4069,496,1,0,1,0,1
1,4,8/14/14,3906,481,1,0,1,0,1
1,5,8/15/14,3746,479,1,0,1,0,1
1,6,8/16/14,4425,544,1,0,1,0,1
1,7,8/17/14,0,0,0,0,1,0,1
1,1,8/18/14,5623,598,1,1,1,0,1
1,2,8/19/14,5190,528,1,1,1,0,1
1,3,8/20/14,4280,467,1,1,1,0,1
1,4,8/21/14,4327,484,1,1,1,0,1
1,5,8/22/14,3971,461,1,1,1,0,1
1,6,8/23/14,3582,469,1,0,1,0,1
1,7,8/24/14,0,0,0,0,1,0,1
1,1,8/25/14,3414,449,1,0,1,0,1
1,2,8/26/14,3396,460,1,0,1,0,1
1,3,8/27/14,3148,421,1,0,1,0,1
1,4,8/28/14,3920,467,1,0,1,0,1
1,5,8/29/14,3869,439,1,0,1,0,1
1,6,8/30/14,4094,518,1,0,1,0,1
1,7,8/31/14,0,0,0,0,1,0,1
1,1,9/1/14,5464,561,1,1,1,0,1
1,2,9/2/14,5008,564,1,1,1,0,1
1,3,9/3/14,4978,539,1,1,1,0,1
1,4,9/4/14,4346,507,1,1,1,0,1
1,5,9/5/14,4706,553,1,1,1,0,1
1,6,9/6/14,3959,515,1,0,0,0,1
1,7,9/7/14,0,0,0,0,0,0,1
1,1,9/8/14,3676,530,1,0,0,0,1
1,2,9/9/14,3377,439,1,0,0,0,1
1,3,9/10/14,3275,448,1,0,0,0,1
1,4,9/11/14,3392,437,1,0,0,0,1
1,5,9/12/14,3906,501,1,0,0,0,1
1,6,9/13/14,4270,508,1,0,0,0,1
1,7,9/14/14,0,0,0,0,0,0,1
1,1,9/15/14,4611,545,1,1,0,0,1
1,2,9/16/14,4381,511,1,1,0,0,1
1,3,9/17/14,4383,490,1,1,0,0,1
1,4,9/18/14,3740,447,1,1,0,0,1
1,5,9/19/14,4128,485,1,1,0,0,1
1,6,9/20/14,3911,500,1,0,0,0,1
1,7,9/21/14,0,0,0,0,0,0,1
1,1,9/22/14,3982,466,1,0,0,0,1
1,2,9/23/14,3407,437,1,0,0,0,1
1,3,9/24/14,3405,465,1,0,0,0,1
1,4,9/25/14,2462,378,1,0,0,0,1
1,5,9/26/14,3518,442,1,0,0,0,1
1,6,9/27/14,3914,464,1,0,0,0,1
1,7,9/28/14,0,0,0,0,0,0,1
1,1,9/29/14,5280,566,1,1,0,0,1
1,2,9/30/14,4919,550,1,1,0,0,1
1,3,10/1/14,4712,554,1,1,0,0,1
1,4,10/2/14,5400,601,1,1,0,0,1
1,5,10/3/14,0,0,0,1,0,0,1
1,6,10/4/14,5355,621,1,0,0,0,1
1,7,10/5/14,0,0,0,0,0,0,1
1,1,10/6/14,5402,608,1,1,0,0,1
1,2,10/7/14,5439,556,1,1,0,0,1
1,3,10/8/14,4944,518,1,1,0,0,1
1,4,10/9/14,4654,527,1,1,0,0,1
1,5,10/10/14,4396,539,1,1,0,0,1
1,6,10/11/14,4743,557,1,0,0,0,1
1,7,10/12/14,0,0,0,0,0,0,1
1,1,10/13/14,4033,492,1,0,0,0,1
1,2,10/14/14,3681,476,1,0,0,0,1
1,3,10/15/14,3775,451,1,0,0,0,1
1,4,10/16/14,3430,436,1,0,0,0,1
1,5,10/17/14,3720,500,1,0,0,0,1
1,6,10/18/14,4169,497,1,0,0,0,1
1,7,10/19/14,0,0,0,0,0,0,1
1,1,10/20/14,4652,560,1,1,1,0,1
1,2,10/21/14,4678,547,1,1,1,0,1
1,3,10/22/14,4868,566,1,1,1,0,1
1,4,10/23/14,4466,476,1,1,1,0,1
1,5,10/24/14,4196,495,1,1,1,0,1
1,6,10/25/14,4596,539,1,0,1,0,1
1,7,10/26/14,0,0,0,0,1,0,1
1,1,10/27/14,4260,475,1,0,1,0,1
1,2,10/28/14,3364,439,1,0,1,0,1
1,3,10/29/14,3761,449,1,0,1,0,1
1,4,10/30/14,4042,492,1,0,1,0,1
1,5,10/31/14,4161,512,1,0,1,0,1
1,6,11/1/14,6532,731,1,0,0,0,1
1,7,11/2/14,0,0,0,0,0,0,1
1,1,11/3/14,5857,625,1,1,0,0,1
1,2,11/4/14,5253,586,1,1,0,0,1
1,3,11/5/14,4838,539,1,1,0,0,1
1,4,11/6/14,4785,527,1,1,0,0,1
1,5,11/7/14,5220,582,1,1,0,0,1
1,6,11/8/14,4720,546,1,0,0,0,1
1,7,11/9/14,0,0,0,0,0,0,1
1,1,11/10/14,5474,578,1,1,0,0,1
1,2,11/11/14,4479,555,1,1,0,0,1
1,3,11/12/14,4677,533,1,1,0,0,1
1,4,11/13/14,3869,471,1,1,0,0,1
1,5,11/14/14,5334,603,1,1,0,0,1
1,6,11/15/14,4967,614,1,0,0,0,1
1,7,11/16/14,0,0,0,0,0,0,1
1,1,11/17/14,3582,491,1,0,0,0,1
1,2,11/18/14,3890,529,1,0,0,0,1
1,3,11/19/14,3894,494,1,0,0,0,1
1,4,11/20/14,4963,635,1,0,0,0,1
1,5,11/21/14,4594,570,1,0,0,0,1
1,6,11/22/14,5849,678,1,0,0,0,1
1,7,11/23/14,0,0,0,0,0,0,1
1,1,11/24/14,6527,694,1,1,0,0,1
1,2,11/25/14,5815,610,1,1,0,0,1
1,3,11/26/14,5328,611,1,1,0,0,1
1,4,11/27/14,6144,668,1,1,0,0,1
1,5,11/28/14,7195,711,1,1,0,0,1
1,6,11/29/14,7066,749,1,0,0,0,1
1,7,11/30/14,0,0,0,0,0,0,1
1,1,12/1/14,7380,723,1,1,0,0,1
1,2,12/2/14,6467,717,1,1,0,0,1
1,3,12/3/14,6454,695,1,1,0,0,1
1,4,12/4/14,7016,681,1,1,0,0,1
1,5,12/5/14,6207,712,1,1,0,0,1
1,6,12/6/14,6185,746,1,0,0,0,1
1,7,12/7/14,0,0,0,0,0,0,1
1,1,12/8/14,4884,610,1,0,0,0,1
1,2,12/9/14,4345,559,1,0,0,0,1
1,3,12/10/14,4915,619,1,0,0,0,1
1,4,12/11/14,5060,587,1,0,0,0,1
1,5,12/12/14,5269,617,1,0,0,0,1
1,6,12/13/14,7263,850,1,0,0,0,1
1,7,12/14/14,0,0,0,0,0,0,1
1,1,12/15/14,8069,871,1,1,0,0,1
1,2,12/16/14,7739,823,1,1,0,0,1
1,3,12/17/14,7523,791,1,1,0,0,1
1,4,12/18/14,7785,841,1,1,0,0,1
1,5,12/19/14,7558,884,1,1,0,0,1
1,6,12/20/14,8367,962,1,0,0,0,1
1,7,12/21/14,0,0,0,0,0,0,1
1,1,12/22/14,9331,1080,1,0,1,0,1
1,2,12/23/14,7959,957,1,0,1,0,1
1,3,12/24/14,3659,421,1,0,1,0,1
1,4,12/25/14,0,0,0,0,1,0,1
1,5,12/26/14,0,0,0,0,1,0,1
1,6,12/27/14,6057,684,1,0,1,0,1
1,7,12/28/14,0,0,0,0,1,0,1
1,1,12/29/14,6463,700,1,0,1,0,1
1,2,12/30/14,6466,703,1,0,1,0,1
1,3,12/31/14,2605,327,1,0,1,0,1
1,4,1/1/15,0,0,0,0,1,0,1
1,5,1/2/15,5509,657,1,0,1,0,1
1,6,1/3/15,5023,645,1,0,1,0,1
1,7,1/4/15,0,0,0,0,1,0,1
1,1,1/5/15,6239,712,1,1,1,0,1
1,2,1/6/15,4574,595,1,1,1,0,1
1,3,1/7/15,4796,603,1,1,1,0,1
1,4,1/8/15,3716,457,1,1,1,0,1
1,5,1/9/15,3998,494,1,1,1,0,1
1,6,1/10/15,4599,566,1,0,0,0,1
1,7,1/11/15,0,0,0,0,0,0,1
1,1,1/12/15,5346,590,1,1,0,0,1
1,2,1/13/15,4924,564,1,1,0,0,1
1,3,1/14/15,4541,545,1,1,0,0,1
1,4,1/15/15,4295,517,1,1,0,0,1
1,5,1/16/15,4161,524,1,1,0,0,1
1,6,1/17/15,5255,622,1,0,0,0,1
1,7,1/18/15,0,0,0,0,0,0,1
1,1,1/19/15,3721,480,1,0,0,0,1
1,2,1/20/15,3680,462,1,0,0,0,1
1,3,1/21/15,3299,460,1,0,0,0,1
1,4,1/22/15,3492,493,1,0,0,0,1
1,5,1/23/15,3586,489,1,0,0,0,1
1,6,1/24/15,4840,600,1,0,0,0,1
1,7,1/25/15,0,0,0,0,0,0,1
1,1,1/26/15,4781,566,1,1,0,0,1
1,2,1/27/15,4806,532,1,1,0,0,1
1,3,1/28/15,4310,537,1,1,0,0,1
1,4,1/29/15,5171,573,1,1,0,0,1
1,5,1/30/15,5577,616,1,1,0,0,1
1,6,1/31/15,5363,638,1,0,0,0,1
1,7,2/1/15,0,0,0,0,0,0,1
1,1,2/2/15,6038,669,1,1,0,0,1
1,2,2/3/15,4901,596,1,1,0,0,1
1,3,2/4/15,4672,544,1,1,0,0,1
1,4,2/5/15,4394,551,1,1,0,0,1
1,5,2/6/15,5022,604,1,1,0,0,1
1,6,2/7/15,4663,599,1,0,0,0,1
1,7,2/8/15,0,0,0,0,0,0,1
1,1,2/9/15,3965,501,1,0,0,0,1
1,2,2/10/15,3136,419,1,0,0,0,1
1,3,2/11/15,3735,501,1,0,0,0,1
1,4,2/12/15,3900,477,1,0,0,0,1
1,5,2/13/15,4726,630,1,0,0,0,1
1,6,2/14/15,5015,624,1,0,0,0,1
1,7,2/15/15,0,0,0,0,0,0,1
1,1,2/16/15,4303,478,1,1,0,0,1
1,2,2/17/15,4833,512,1,1,0,0,1
1,3,2/18/15,4180,509,1,1,0,0,1
1,4,2/19/15,4460,507,1,1,0,0,1
1,5,2/20/15,4651,548,1,1,0,0,1
1,6,2/21/15,4475,547,1,0,0,0,1
1,7,2/22/15,0,0,0,0,0,0,1
1,1,2/23/15,3598,454,1,0,0,0,1
1,2,2/24/15,4054,500,1,0,0,0,1
1,3,2/25/15,3875,512,1,0,0,0,1
1,4,2/26/15,4042,489,1,0,0,0,1
1,5,2/27/15,4708,542,1,0,0,0,1
1,6,2/28/15,5289,640,1,0,0,0,1
1,7,3/1/15,0,0,0,0,0,0,1
1,1,3/2/15,5942,669,1,1,0,0,1
1,2,3/3/15,5451,576,1,1,0,0,1
1,3,3/4/15,5568,597,1,1,0,0,1
1,4,3/5/15,4419,534,1,1,0,0,1
1,5,3/6/15,5397,579,1,1,0,0,1
1,6,3/7/15,4592,570,1,0,0,0,1
1,7,3/8/15,0,0,0,0,0,0,1
1,1,3/9/15,3701,485,1,0,0,0,1
1,2,3/10/15,3805,491,1,0,0,0,1
1,3,3/11/15,4170,521,1,0,0,0,1
1,4,3/12/15,3141,405,1,0,0,0,1
1,5,3/13/15,3725,493,1,0,0,0,1
1,6,3/14/15,5225,599,1,0,0,0,1
1,7,3/15/15,0,0,0,0,0,0,1
1,1,3/16/15,5695,605,1,1,0,0,1
1,2,3/17/15,4806,555,1,1,0,0,1
1,3,3/18/15,3858,504,1,1,0,0,1
1,4,3/19/15,4748,535,1,1,0,0,1
1,5,3/20/15,4057,472,1,1,0,0,1
1,6,3/21/15,3909,506,1,0,0,0,1
1,7,3/22/15,0,0,0,0,0,0,1
1,1,3/23/15,3565,495,1,0,0,0,1
1,2,3/24/15,3547,464,1,0,0,0,1
1,3,3/25/15,3531,447,1,0,0,0,1
1,4,3/26/15,3932,490,1,0,0,0,1
1,5,3/27/15,4005,529,1,0,0,0,1
1,6,3/28/15,5208,605,1,0,0,0,1
1,7,3/29/15,0,0,0,0,0,0,1
1,1,3/30/15,6714,697,1,1,1,0,1
1,2,3/31/15,6206,589,1,1,1,0,1
1,3,4/1/15,6816,707,1,1,1,0,1
1,4,4/2/15,6574,722,1,1,1,0,1
1,5,4/3/15,0,0,0,1,1,0,1
1,6,4/4/15,6709,796,1,0,1,0,1
1,7,4/5/15,0,0,0,0,1,0,1
1,1,4/6/15,0,0,0,0,1,0,1
1,2,4/7/15,4163,555,1,0,1,0,1
1,3,4/8/15,4194,500,1,0,1,0,1
1,4,4/9/15,3467,430,1,0,1,0,1
1,5,4/10/15,3549,428,1,0,1,0,1
1,6,4/11/15,4173,525,1,0,0,0,1
1,7,4/12/15,0,0,0,0,0,0,1
1,1,4/13/15,5377,574,1,1,0,0,1
1,2,4/14/15,4648,535,1,1,0,0,1
1,3,4/15/15,4110,501,1,1,0,0,1
1,4,4/16/15,4116,480,1,1,0,0,1
1,5,4/17/15,4718,511,1,1,0,0,1
1,6,4/18/15,4594,544,1,0,0,0,1
1,7,4/19/15,0,0,0,0,0,0,1
1,1,4/20/15,3722,480,1,0,0,0,1
1,2,4/21/15,3037,416,1,0,0,0,1
1,3,4/22/15,3319,411,1,0,0,0,1
1,4,4/23/15,3076,426,1,0,0,0,1
1,5,4/24/15,3198,437,1,0,0,0,1
1,6,4/25/15,4318,537,1,0,0,0,1
1,7,4/26/15,0,0,0,0,0,0,1
1,1,4/27/15,5575,574,1,1,0,0,1
1,2,4/28/15,5199,552,1,1,0,0,1
1,3,4/29/15,5775,579,1,1,0,0,1
1,4,4/30/15,6228,650,1,1,0,0,1
1,5,5/1/15,0,0,0,1,0,0,1
1,6,5/2/15,5850,653,1,0,0,0,1
1,7,5/3/15,0,0,0,0,0,0,1
1,1,5/4/15,5591,589,1,1,0,0,1
1,2,5/5/15,4564,514,1,1,0,0,1
1,3,5/6/15,4960,536,1,1,0,0,1
1,4,5/7/15,4529,491,1,1,0,0,1
1,5,5/8/15,4683,536,1,1,0,0,1
1,6,5/9/15,4945,596,1,0,0,0,1
1,7,5/10/15,0,0,0,0,0,0,1
1,1,5/11/15,3551,453,1,0,0,0,1
1,2,5/12/15,3547,438,1,0,0,0,1
1,3,5/13/15,3998,523,1,0,0,0,1
1,4,5/14/15,0,0,0,0,0,0,1
1,5,5/15/15,4178,523,1,0,0,0,1
1,6,5/16/15,4431,505,1,0,0,0,1
1,7,5/17/15,0,0,0,0,0,0,1
1,1,5/18/15,5280,577,1,1,0,0,1
1,2,5/19/15,5235,546,1,1,0,0,1
1,3,5/20/15,4735,533,1,1,0,0,1
1,4,5/21/15,3755,471,1,1,0,0,1
1,5,5/22/15,4459,495,1,1,0,0,1
1,6,5/23/15,4276,506,1,0,0,0,1
1,7,5/24/15,0,0,0,0,0,0,1
1,1,5/25/15,0,0,0,0,0,0,1
1,2,5/26/15,4211,479,1,0,0,0,1
1,3,5/27/15,4083,497,1,0,0,0,1
1,4,5/28/15,4111,474,1,0,0,0,1
1,5,5/29/15,4656,537,1,0,0,0,1
1,6,5/30/15,5592,580,1,0,0,0,1
1,7,5/31/15,0,0,0,0,0,0,1
1,1,6/1/15,5774,607,1,1,0,0,1
1,2,6/2/15,5450,590,1,1,0,0,1
1,3,6/3/15,5809,616,1,1,0,0,1
1,4,6/4/15,0,0,0,1,0,0,1
1,5,6/5/15,5384,609,1,1,0,0,1
1,6,6/6/15,4183,460,1,0,0,0,1
1,7,6/7/15,0,0,0,0,0,0,1
1,1,6/8/15,4071,502,1,0,0,0,1
1,2,6/9/15,4102,485,1,0,0,0,1
1,3,6/10/15,3591,453,1,0,0,0,1
1,4,6/11/15,3627,442,1,0,0,0,1
1,5,6/12/15,3695,422,1,0,0,0,1
1,6,6/13/15,4256,502,1,0,0,0,1
1,7,6/14/15,0,0,0,0,0,0,1
1,1,6/15/15,5518,586,1,1,0,0,1
1,2,6/16/15,4852,503,1,1,0,0,1
1,3,6/17/15,4000,476,1,1,0,0,1
1,4,6/18/15,4645,498,1,1,0,0,1
1,5,6/19/15,4202,487,1,1,0,0,1
1,6,6/20/15,4097,494,1,0,0,0,1
1,7,6/21/15,0,0,0,0,0,0,1
1,1,6/22/15,3846,489,1,0,0,0,1
1,2,6/23/15,3762,447,1,0,0,0,1
1,3,6/24/15,3346,414,1,0,0,0,1
1,4,6/25/15,3533,433,1,0,0,0,1
1,5,6/26/15,3317,420,1,0,0,0,1
1,6,6/27/15,4019,463,1,0,0,0,1
1,7,6/28/15,0,0,0,0,0,0,1
1,1,6/29/15,5197,541,1,1,0,0,1
1,2,6/30/15,5735,568,1,1,0,0,1
1,3,7/1/15,5223,562,1,1,0,0,1
1,4,7/2/15,5558,573,1,1,0,0,1
1,5,7/3/15,4665,538,1,1,0,0,1
1,6,7/4/15,4797,560,1,0,0,0,1
1,7,7/5/15,0,0,0,0,0,0,1
1,1,7/6/15,4359,540,1,0,0,0,1
1,2,7/7/15,3650,485,1,0,0,0,1
1,3,7/8/15,3797,485,1,0,0,0,1
1,4,7/9/15,3897,480,1,0,0,0,1
1,5,7/10/15,3808,449,1,0,0,0,1
1,6,7/11/15,3530,441,1,0,0,0,1
1,7,7/12/15,0,0,0,0,0,0,1
1,1,7/13/15,5054,553,1,1,0,0,1
1,2,7/14/15,5042,544,1,1,0,0,1
1,3,7/15/15,4767,550,1,1,0,0,1
1,4,7/16/15,4427,517,1,1,0,0,1
1,5,7/17/15,4852,519,1,1,0,0,1
1,6,7/18/15,4406,512,1,0,0,0,1
1,7,7/19/15,0,0,0,0,0,0,1
1,1,7/20/15,4395,526,1,0,0,0,1
1,2,7/21/15,3558,469,1,0,0,0,1
1,3,7/22/15,3464,463,1,0,0,0,1
1,4,7/23/15,3769,503,1,0,0,0,1
1,5,7/24/15,3706,459,1,0,0,0,1
1,6,7/25/15,4364,500,1,0,0,0,1
1,7,7/26/15,0,0,0,0,0,0,1
1,1,7/27/15,6102,612,1,1,1,0,1
1,2,7/28/15,5011,560,1,1,1,0,1
1,3,7/29/15,4782,523,1,1,1,0,1
1,4,7/30/15,5020,546,1,1,1,0,1
1,5,7/31/15,5263,555,1,1,1,0,1
2,2,1/1/13,0,0,0,0,1,0,1
2,3,1/2/13,4422,650,1,0,1,0,1
2,4,1/3/13,4159,555,1,0,1,0,1
2,5,1/4/13,4484,574,1,0,1,0,1
2,6,1/5/13,2342,324,1,0,0,0,1
2,7,1/6/13,0,0,0,0,0,0,1
2,1,1/7/13,6775,763,1,1,0,0,1
2,2,1/8/13,6318,685,1,1,0,0,1
2,3,1/9/13,6763,785,1,1,0,0,1
2,4,1/10/13,5618,637,1,1,0,0,1
2,5,1/11/13,4810,539,1,1,0,0,1
2,6,1/12/13,2630,337,1,0,0,0,1
2,7,1/13/13,0,0,0,0,0,0,1
2,1,1/14/13,3995,530,1,0,0,0,1
2,2,1/15/13,4075,513,1,0,0,0,1
2,3,1/16/13,4198,591,1,0,0,0,1
2,4,1/17/13,2973,403,1,0,0,0,1
2,5,1/18/13,3441,434,1,0,0,0,1
2,6,1/19/13,2399,303,1,0,0,0,1
2,7,1/20/13,0,0,0,0,0,0,1
2,1,1/21/13,6311,662,1,1,0,0,1
2,2,1/22/13,5803,656,1,1,0,0,1
2,3,1/23/13,5974,690,1,1,0,0,1
2,4,1/24/13,5091,582,1,1,0,0,1
2,5,1/25/13,4589,522,1,1,0,0,1
2,6,1/26/13,2205,303,1,0,0,0,1
2,7,1/27/13,0,0,0,0,0,0,1
2,1,1/28/13,3549,488,1,0,0,0,1
2,2,1/29/13,3461,476,1,0,0,0,1
2,3,1/30/13,4446,608,1,0,0,0,1
2,4,1/31/13,4340,517,1,0,0,0,1
2,5,2/1/13,4545,554,1,0,0,0,1
2,6,2/2/13,2956,361,1,0,0,0,1
2,7,2/3/13,0,0,0,0,0,0,1
2,1,2/4/13,6480,688,1,1,0,0,1
2,2,2/5/13,6269,674,1,1,0,0,1
2,3,2/6/13,6438,769,1,1,0,0,1
2,4,2/7/13,5575,638,1,1,0,0,1
2,5,2/8/13,4203,491,1,1,0,0,1
2,6,2/9/13,3031,354,1,0,0,0,1
2,7,2/10/13,0,0,0,0,0,0,1
2,1,2/11/13,4303,582,1,0,0,0,1
2,2,2/12/13,3968,504,1,0,0,0,1
2,3,2/13/13,5001,678,1,0,0,0,1
2,4,2/14/13,4439,574,1,0,0,0,1
2,5,2/15/13,3812,494,1,0,0,0,1
2,6,2/16/13,2401,290,1,0,0,0,1
2,7,2/17/13,0,0,0,0,0,0,1
2,1,2/18/13,7493,757,1,1,1,0,1
2,2,2/19/13,5734,588,1,1,1,0,1
2,3,2/20/13,6116,689,1,1,1,0,1
2,4,2/21/13,5276,589,1,1,1,0,1
2,5,2/22/13,4552,509,1,1,1,0,1
2,6,2/23/13,1919,230,1,0,0,0,1
2,7,2/24/13,0,0,0,0,0,0,1
2,1,2/25/13,3084,432,1,0,0,0,1
2,2,2/26/13,3919,480,1,0,0,0,1
2,3,2/27/13,4741,635,1,0,0,0,1
2,4,2/28/13,4859,565,1,0,0,0,1
2,5,3/1/13,4290,555,1,0,0,0,1
2,6,3/2/13,2643,353,1,0,0,0,1
2,7,3/3/13,0,0,0,0,0,0,1
2,1,3/4/13,7993,790,1,1,0,0,1
2,2,3/5/13,6357,660,1,1,0,0,1
2,3,3/6/13,6842,806,1,1,0,0,1
2,4,3/7/13,5747,640,1,1,0,0,1
2,5,3/8/13,4822,594,1,1,0,0,1
2,6,3/9/13,2208,281,1,0,0,0,1
2,7,3/10/13,0,0,0,0,0,0,1
2,1,3/11/13,3778,505,1,0,0,0,1
2,2,3/12/13,2991,424,1,0,0,0,1
2,3,3/13/13,3874,516,1,0,0,0,1
2,4,3/14/13,3964,514,1,0,0,0,1
2,5,3/15/13,4181,491,1,0,0,0,1
2,6,3/16/13,2956,346,1,0,0,0,1
2,7,3/17/13,0,0,0,0,0,0,1
2,1,3/18/13,7593,712,1,1,0,0,1
2,2,3/19/13,6224,670,1,1,0,0,1
2,3,3/20/13,6783,826,1,1,0,0,1
2,4,3/21/13,5322,609,1,1,0,0,1
2,5,3/22/13,4955,540,1,1,0,0,1
2,6,3/23/13,2691,330,1,0,0,0,1
2,7,3/24/13,0,0,0,0,0,0,1
2,1,3/25/13,8412,844,1,1,1,0,1
2,2,3/26/13,6384,702,1,1,1,0,1
2,3,3/27/13,7880,892,1,1,1,0,1
2,4,3/28/13,7229,801,1,1,1,0,1
2,5,3/29/13,0,0,0,1,1,0,1
2,6,3/30/13,4406,493,1,0,0,0,1
2,7,3/31/13,0,0,0,0,0,0,1
2,1,4/1/13,0,0,0,0,1,0,1
2,2,4/2/13,3643,507,1,0,1,0,1
2,3,4/3/13,4250,600,1,0,1,0,1
2,4,4/4/13,4114,542,1,0,1,0,1
2,5,4/5/13,3872,470,1,0,1,0,1
2,6,4/6/13,2461,315,1,0,0,0,1
2,7,4/7/13,0,0,0,0,0,0,1
2,1,4/8/13,6696,732,1,1,0,0,1
2,2,4/9/13,6574,667,1,1,0,0,1
2,3,4/10/13,6520,780,1,1,0,0,1
2,4,4/11/13,5301,606,1,1,0,0,1
2,5,4/12/13,4334,519,1,1,0,0,1
2,6,4/13/13,2561,324,1,0,0,0,1
2,7,4/14/13,0,0,0,0,0,0,1
2,1,4/15/13,3850,548,1,0,0,0,1
2,2,4/16/13,4059,542,1,0,0,0,1
2,3,4/17/13,4776,683,1,0,0,0,1
2,4,4/18/13,3516,517,1,0,0,0,1
2,5,4/19/13,3525,466,1,0,0,0,1
2,6,4/20/13,2701,341,1,0,0,0,1
2,7,4/21/13,0,0,0,0,0,0,1
2,1,4/22/13,6774,719,1,1,0,0,1
2,2,4/23/13,5775,634,1,1,0,0,1
2,3,4/24/13,6260,766,1,1,0,0,1
2,4,4/25/13,4689,571,1,1,0,0,1
2,5,4/26/13,4914,604,1,1,0,0,1
2,6,4/27/13,2134,297,1,0,0,0,1
2,7,4/28/13,0,0,0,0,0,0,1
2,1,4/29/13,6707,744,1,1,0,0,1
2,2,4/30/13,6872,708,1,1,0,0,1
2,3,5/1/13,0,0,0,1,0,0,1
2,4,5/2/13,6699,762,1,1,0,0,1
2,5,5/3/13,5938,794,1,1,0,0,1
2,6,5/4/13,2260,339,1,0,0,0,1
2,7,5/5/13,0,0,0,0,0,0,1
2,1,5/6/13,3840,511,1,0,0,0,1
2,2,5/7/13,4131,542,1,0,0,0,1
2,3,5/8/13,5605,752,1,0,0,0,1
2,4,5/9/13,0,0,0,0,0,0,1
2,5,5/10/13,4888,636,1,0,1,0,1
2,6,5/11/13,2702,367,1,0,0,0,1
2,7,5/12/13,0,0,0,0,0,0,1
2,1,5/13/13,6604,739,1,1,0,0,1
2,2,5/14/13,5913,672,1,1,0,0,1
2,3,5/15/13,6263,807,1,1,0,0,1
2,4,5/16/13,5317,635,1,1,0,0,1
2,5,5/17/13,4582,541,1,1,0,0,1
2,6,5/18/13,2343,325,1,0,0,0,1
2,7,5/19/13,0,0,0,0,0,0,1
2,1,5/20/13,0,0,0,0,0,0,1
2,2,5/21/13,4548,622,1,0,0,0,1
2,3,5/22/13,4663,609,1,0,0,0,1
2,4,5/23/13,3916,553,1,0,0,0,1
2,5,5/24/13,3778,534,1,0,0,0,1
2,6,5/25/13,2823,453,1,0,0,0,1
2,7,5/26/13,0,0,0,0,0,0,1
2,1,5/27/13,6751,678,1,1,0,0,1
2,2,5/28/13,5732,665,1,1,0,0,1
2,3,5/29/13,5345,679,1,1,0,0,1
2,4,5/30/13,5822,631,1,1,0,0,1
2,5,5/31/13,5916,632,1,1,0,0,1
2,6,6/1/13,2335,295,1,0,0,0,1
2,7,6/2/13,0,0,0,0,0,0,1
2,1,6/3/13,6959,753,1,1,0,0,1
2,2,6/4/13,6280,709,1,1,0,0,1
2,3,6/5/13,6682,823,1,1,0,0,1
2,4,6/6/13,4776,580,1,1,0,0,1
2,5,6/7/13,5237,587,1,1,0,0,1
2,6,6/8/13,2246,306,1,0,0,0,1
2,7,6/9/13,0,0,0,0,0,0,1
2,1,6/10/13,3786,495,1,0,0,0,1
2,2,6/11/13,4233,595,1,0,0,0,1
2,3,6/12/13,4638,645,1,0,0,0,1
2,4,6/13/13,3763,490,1,0,0,0,1
2,5,6/14/13,4437,558,1,0,0,0,1
2,6,6/15/13,2724,372,1,0,0,0,1
2,7,6/16/13,0,0,0,0,0,0,1
2,1,6/17/13,7259,743,1,1,0,0,1
2,2,6/18/13,5309,611,1,1,0,0,1
2,3,6/19/13,5708,734,1,1,0,0,1
2,4,6/20/13,4683,547,1,1,0,0,1
2,5,6/21/13,5333,626,1,1,0,0,1
2,6,6/22/13,2566,361,1,0,0,0,1
2,7,6/23/13,0,0,0,0,0,0,1
2,1,6/24/13,4388,562,1,0,0,0,1
2,2,6/25/13,3921,533,1,0,0,0,1
2,3,6/26/13,4869,684,1,0,0,0,1
2,4,6/27/13,4791,575,1,0,0,0,1
2,5,6/28/13,5261,664,1,0,0,0,1
2,6,6/29/13,3687,428,1,0,0,0,1
2,7,6/30/13,0,0,0,0,0,0,1
2,1,7/1/13,6336,715,1,1,0,0,1
2,2,7/2/13,5862,728,1,1,0,0,1
2,3,7/3/13,6527,811,1,1,0,0,1
2,4,7/4/13,5820,788,1,1,0,0,1
2,5,7/5/13,5288,1036,1,1,0,0,1
2,6,7/6/13,4504,1164,1,0,0,0,1
2,7,7/7/13,0,0,0,0,0,0,1
2,1,7/8/13,4460,565,1,0,0,0,1
2,2,7/9/13,4600,582,1,0,0,0,1
2,3,7/10/13,5244,735,1,0,0,0,1
2,4,7/11/13,4772,593,1,0,0,0,1
2,5,7/12/13,4605,560,1,0,0,0,1
2,6,7/13/13,2838,357,1,0,0,0,1
2,7,7/14/13,0,0,0,0,0,0,1
2,1,7/15/13,8528,804,1,1,1,0,1
2,2,7/16/13,6670,705,1,1,1,0,1
2,3,7/17/13,6219,804,1,1,1,0,1
2,4,7/18/13,5907,659,1,1,1,0,1
2,5,7/19/13,4885,601,1,1,1,0,1
2,6,7/20/13,2670,326,1,0,0,0,1
2,7,7/21/13,0,0,0,0,0,0,1
2,1,7/22/13,3658,490,1,0,1,0,1
2,2,7/23/13,3726,469,1,0,1,0,1
2,3,7/24/13,4282,611,1,0,1,0,1
2,4,7/25/13,3531,496,1,0,1,0,1
2,5,7/26/13,3441,438,1,0,1,0,1
2,6,7/27/13,2059,292,1,0,0,0,1
2,7,7/28/13,0,0,0,0,0,0,1
2,1,7/29/13,7249,717,1,1,1,0,1
2,2,7/30/13,6802,702,1,1,1,0,1
2,3,7/31/13,8295,942,1,1,1,0,1
2,4,8/1/13,5640,643,1,1,1,0,1
2,5,8/2/13,4776,545,1,1,1,0,1
2,6,8/3/13,2641,353,1,0,0,0,1
2,7,8/4/13,0,0,0,0,0,0,1
2,1,8/5/13,4066,526,1,0,1,0,1
2,2,8/6/13,3434,475,1,0,1,0,1
2,3,8/7/13,4467,650,1,0,1,0,1
2,4,8/8/13,3949,520,1,0,1,0,1
2,5,8/9/13,3551,456,1,0,1,0,1
2,6,8/10/13,2624,312,1,0,0,0,1
2,7,8/11/13,0,0,0,0,0,0,1
2,1,8/12/13,6518,725,1,1,1,0,1
2,2,8/13/13,6154,640,1,1,1,0,1
2,3,8/14/13,7229,860,1,1,1,0,1
2,4,8/15/13,5186,619,1,1,1,0,1
2,5,8/16/13,4895,571,1,1,1,0,1
2,6,8/17/13,2731,353,1,0,0,0,1
2,7,8/18/13,0,0,0,0,0,0,1
2,1,8/19/13,3747,528,1,0,1,0,1
2,2,8/20/13,3894,517,1,0,1,0,1
2,3,8/21/13,4399,655,1,0,1,0,1
2,4,8/22/13,3998,536,1,0,1,0,1
2,5,8/23/13,3652,523,1,0,1,0,1
2,6,8/24/13,2546,343,1,0,0,0,1
2,7,8/25/13,0,0,0,0,0,0,1
2,1,8/26/13,7453,752,1,1,0,0,1
2,2,8/27/13,6529,717,1,1,0,0,1
2,3,8/28/13,6474,811,1,1,0,0,1
2,4,8/29/13,5527,635,1,1,0,0,1
2,5,8/30/13,6280,702,1,1,0,0,1
2,6,8/31/13,2803,348,1,0,0,0,1
2,7,9/1/13,0,0,0,0,0,0,1
2,1,9/2/13,4305,547,1,0,0,0,1
2,2,9/3/13,4199,549,1,0,0,0,1
2,3,9/4/13,4709,673,1,0,0,0,1
2,4,9/5/13,3784,531,1,0,0,0,1
2,5,9/6/13,3793,471,1,0,0,0,1
2,6,9/7/13,2540,330,1,0,0,0,1
2,7,9/8/13,0,0,0,0,0,0,1
2,1,9/9/13,7005,726,1,1,0,0,1
2,2,9/10/13,6578,707,1,1,0,0,1
2,3,9/11/13,6537,791,1,1,0,0,1
2,4,9/12/13,5558,618,1,1,0,0,1
2,5,9/13/13,4954,550,1,1,0,0,1
2,6,9/14/13,2841,352,1,0,0,0,1
2,7,9/15/13,0,0,0,0,0,0,1
2,1,9/16/13,3837,509,1,0,0,0,1
2,2,9/17/13,3823,525,1,0,0,0,1
2,3,9/18/13,4574,625,1,0,0,0,1
2,4,9/19/13,3840,509,1,0,0,0,1
2,5,9/20/13,3949,475,1,0,0,0,1
2,6,9/21/13,2651,335,1,0,0,0,1
2,7,9/22/13,0,0,0,0,0,0,1
2,1,9/23/13,6802,677,1,1,0,0,1
2,2,9/24/13,6387,670,1,1,0,0,1
2,3,9/25/13,6708,858,1,1,0,0,1
2,4,9/26/13,5795,629,1,1,0,0,1
2,5,9/27/13,4874,547,1,1,0,0,1
2,6,9/28/13,3428,383,1,0,0,0,1
2,7,9/29/13,0,0,0,0,0,0,1
2,1,9/30/13,5610,691,1,0,0,0,1
2,2,10/1/13,3830,539,1,0,0,0,1
2,3,10/2/13,5238,691,1,0,0,0,1
2,4,10/3/13,2656,381,1,0,0,0,1
2,5,10/4/13,4671,547,1,0,0,0,1
2,6,10/5/13,2688,342,1,0,0,0,1
2,7,10/6/13,0,0,0,0,0,0,1
2,1,10/7/13,7368,737,1,1,0,0,1
2,2,10/8/13,6282,691,1,1,0,0,1
2,3,10/9/13,7006,826,1,1,0,0,1
2,4,10/10/13,4972,555,1,1,0,0,1
2,5,10/11/13,4923,547,1,1,0,0,1
2,6,10/12/13,2914,344,1,0,0,0,1
2,7,10/13/13,0,0,0,0,0,0,1
2,1,10/14/13,4528,578,1,0,0,0,1
2,2,10/15/13,3584,472,1,0,0,0,1
2,3,10/16/13,5035,679,1,0,0,0,1
2,4,10/17/13,3986,519,1,0,0,0,1
2,5,10/18/13,4095,548,1,0,0,0,1
2,6,10/19/13,2441,325,1,0,0,0,1
2,7,10/20/13,0,0,0,0,0,0,1
2,1,10/21/13,6538,730,1,1,1,0,1
2,2,10/22/13,5450,582,1,1,1,0,1
2,3,10/23/13,5896,754,1,1,1,0,1
2,4,10/24/13,5015,604,1,1,1,0,1
2,5,10/25/13,4524,531,1,1,1,0,1
2,6,10/26/13,2517,348,1,0,0,0,1
2,7,10/27/13,0,0,0,0,0,0,1
2,1,10/28/13,3859,526,1,0,1,0,1
2,2,10/29/13,4074,532,1,0,1,0,1
2,3,10/30/13,6272,796,1,0,1,0,1
2,4,10/31/13,0,0,0,0,1,0,1
2,5,11/1/13,5507,664,1,0,1,0,1
2,6,11/2/13,2688,355,1,0,0,0,1
2,7,11/3/13,0,0,0,0,0,0,1
2,1,11/4/13,7930,768,1,1,0,0,1
2,2,11/5/13,6368,681,1,1,0,0,1
2,3,11/6/13,6941,798,1,1,0,0,1
2,4,11/7/13,5570,630,1,1,0,0,1
2,5,11/8/13,5441,590,1,1,0,0,1
2,6,11/9/13,3145,376,1,0,0,0,1
2,7,11/10/13,0,0,0,0,0,0,1
2,1,11/11/13,4017,509,1,0,0,0,1
2,2,11/12/13,4116,537,1,0,0,0,1
2,3,11/13/13,4980,668,1,0,0,0,1
2,4,11/14/13,4388,541,1,0,0,0,1
2,5,11/15/13,4042,505,1,0,0,0,1
2,6,11/16/13,2829,359,1,0,0,0,1
2,7,11/17/13,0,0,0,0,0,0,1
2,1,11/18/13,7435,735,1,1,0,0,1
2,2,11/19/13,6016,660,1,1,0,0,1
2,3,11/20/13,6390,690,1,1,0,0,1
2,4,11/21/13,5397,571,1,1,0,0,1
2,5,11/22/13,4474,537,1,1,0,0,1
2,6,11/23/13,2965,335,1,0,0,0,1
2,7,11/24/13,0,0,0,0,0,0,1
2,1,11/25/13,4669,556,1,0,0,0,1
2,2,11/26/13,4303,543,1,0,0,0,1
2,3,11/27/13,5498,694,1,0,0,0,1
2,4,11/28/13,5149,579,1,0,0,0,1
2,5,11/29/13,5027,587,1,0,0,0,1
2,6,11/30/13,3343,365,1,0,0,0,1
2,7,12/1/13,0,0,0,0,0,0,1
2,1,12/2/13,8836,850,1,1,0,0,1
2,2,12/3/13,8137,741,1,1,0,0,1
2,3,12/4/13,8202,854,1,1,0,0,1
2,4,12/5/13,7163,701,1,1,0,0,1
2,5,12/6/13,4816,544,1,1,0,0,1
2,6,12/7/13,2534,302,1,0,0,0,1
2,7,12/8/13,0,0,0,0,0,0,1
2,1,12/9/13,4392,587,1,0,0,0,1
2,2,12/10/13,4994,629,1,0,0,0,1
2,3,12/11/13,6052,732,1,0,0,0,1
2,4,12/12/13,5232,591,1,0,0,0,1
2,5,12/13/13,4808,546,1,0,0,0,1
2,6,12/14/13,3236,353,1,0,0,0,1
2,7,12/15/13,0,0,0,0,0,0,1
2,1,12/16/13,10479,925,1,1,0,0,1
2,2,12/17/13,10374,882,1,1,0,0,1
2,3,12/18/13,10019,1011,1,1,0,0,1
2,4,12/19/13,8559,823,1,1,0,0,1
2,5,12/20/13,7574,801,1,1,0,0,1
2,6,12/21/13,4941,539,1,0,0,0,1
2,7,12/22/13,0,0,0,0,0,0,1
2,1,12/23/13,8640,971,1,0,1,0,1
2,2,12/24/13,2407,277,1,0,1,0,1
2,3,12/25/13,0,0,0,0,1,0,1
2,4,12/26/13,0,0,0,0,1,0,1
2,5,12/27/13,5582,659,1,0,1,0,1
2,6,12/28/13,3561,416,1,0,0,0,1
2,7,12/29/13,0,0,0,0,0,0,1
2,1,12/30/13,7528,852,1,0,1,0,1
2,2,12/31/13,2148,268,1,0,1,0,1
2,3,1/1/14,0,0,0,0,1,0,1
2,4,1/2/14,3759,531,1,0,1,0,1
2,5,1/3/14,4802,560,1,0,1,0,1
2,6,1/4/14,2760,321,1,0,0,0,1
2,7,1/5/14,0,0,0,0,0,0,1
2,1,1/6/14,8317,823,1,1,0,0,1
2,2,1/7/14,6567,727,1,1,0,0,1
2,3,1/8/14,6597,796,1,1,0,0,1
2,4,1/9/14,6081,643,1,1,0,0,1
2,5,1/10/14,5146,628,1,1,0,0,1
2,6,1/11/14,2872,358,1,0,0,0,1
2,7,1/12/14,0,0,0,0,0,0,1
2,1,1/13/14,4290,552,1,0,0,0,1
2,2,1/14/14,4195,497,1,0,0,0,1
2,3,1/15/14,4919,673,1,0,0,0,1
2,4,1/16/14,3998,507,1,0,0,0,1
2,5,1/17/14,3868,480,1,0,0,0,1
2,6,1/18/14,2497,322,1,0,0,0,1
2,7,1/19/14,0,0,0,0,0,0,1
2,1,1/20/14,7082,739,1,1,0,0,1
2,2,1/21/14,6564,691,1,1,0,0,1
2,3,1/22/14,5451,680,1,1,0,0,1
2,4,1/23/14,5010,531,1,1,0,0,1
2,5,1/24/14,4701,531,1,1,0,0,1
2,6,1/25/14,2274,290,1,0,0,0,1
2,7,1/26/14,0,0,0,0,0,0,1
2,1,1/27/14,3708,507,1,0,0,0,1
2,2,1/28/14,3677,497,1,0,0,0,1
2,3,1/29/14,4292,567,1,0,0,0,1
2,4,1/30/14,4214,493,1,0,0,0,1
2,5,1/31/14,4608,550,1,0,0,0,1
2,6,2/1/14,2929,353,1,0,0,0,1
2,7,2/2/14,0,0,0,0,0,0,1
2,1,2/3/14,7372,791,1,1,0,0,1
2,2,2/4/14,7036,671,1,1,0,0,1
2,3,2/5/14,7198,820,1,1,0,0,1
2,4,2/6/14,6012,670,1,1,0,0,1
2,5,2/7/14,4848,565,1,1,0,0,1
2,6,2/8/14,2484,331,1,0,0,0,1
2,7,2/9/14,0,0,0,0,0,0,1
2,1,2/10/14,4006,532,1,0,0,0,1
2,2,2/11/14,4056,532,1,0,0,0,1
2,3,2/12/14,4848,654,1,0,0,0,1
2,4,2/13/14,4171,498,1,0,0,0,1
2,5,2/14/14,4324,527,1,0,0,0,1
2,6,2/15/14,2509,300,1,0,0,0,1
2,7,2/16/14,0,0,0,0,0,0,1
2,1,2/17/14,7584,761,1,1,1,0,1
2,2,2/18/14,5979,644,1,1,1,0,1
2,3,2/19/14,6419,774,1,1,1,0,1
2,4,2/20/14,4961,584,1,1,1,0,1
2,5,2/21/14,4790,527,1,1,1,0,1
2,6,2/22/14,2563,316,1,0,0,0,1
2,7,2/23/14,0,0,0,0,0,0,1
2,1,2/24/14,3894,499,1,0,0,0,1
2,2,2/25/14,3520,489,1,0,0,0,1
2,3,2/26/14,4548,632,1,0,0,0,1
2,4,2/27/14,3998,493,1,0,0,0,1
2,5,2/28/14,4400,555,1,0,0,0,1
2,6,3/1/14,3350,373,1,0,0,0,1
2,7,3/2/14,0,0,0,0,0,0,1
2,1,3/3/14,7332,760,1,1,0,0,1
2,2,3/4/14,6006,630,1,1,0,0,1
2,3,3/5/14,6740,802,1,1,0,0,1
2,4,3/6/14,5173,611,1,1,0,0,1
2,5,3/7/14,5275,593,1,1,0,0,1
2,6,3/8/14,2863,353,1,0,0,0,1
2,7,3/9/14,0,0,0,0,0,0,1
2,1,3/10/14,3799,516,1,0,0,0,1
2,2,3/11/14,3575,501,1,0,0,0,1
2,3,3/12/14,4581,658,1,0,0,0,1
2,4,3/13/14,4172,551,1,0,0,0,1
2,5,3/14/14,3321,430,1,0,0,0,1
2,6,3/15/14,2678,333,1,0,0,0,1
2,7,3/16/14,0,0,0,0,0,0,1
2,1,3/17/14,7054,743,1,1,0,0,1
2,2,3/18/14,5805,644,1,1,0,0,1
2,3,3/19/14,6275,747,1,1,0,0,1
2,4,3/20/14,4950,574,1,1,0,0,1
2,5,3/21/14,4993,551,1,1,0,0,1
2,6,3/22/14,2569,314,1,0,0,0,1
2,7,3/23/14,0,0,0,0,0,0,1
2,1,3/24/14,3893,523,1,0,0,0,1
2,2,3/25/14,4086,503,1,0,0,0,1
2,3,3/26/14,5059,682,1,0,0,0,1
2,4,3/27/14,4350,523,1,0,0,0,1
2,5,3/28/14,4409,489,1,0,0,0,1
2,6,3/29/14,2815,328,1,0,0,0,1
2,7,3/30/14,0,0,0,0,0,0,1
2,1,3/31/14,9908,963,1,1,0,0,1
2,2,4/1/14,4862,587,1,1,0,0,1
2,3,4/2/14,7013,825,1,1,0,0,1
2,4,4/3/14,5078,581,1,1,0,0,1
2,5,4/4/14,5016,566,1,1,0,0,1
2,6,4/5/14,2655,330,1,0,0,0,1
2,7,4/6/14,0,0,0,0,0,0,1
2,1,4/7/14,3941,528,1,0,0,0,1
2,2,4/8/14,4475,519,1,0,0,0,1
2,3,4/9/14,5142,706,1,0,0,0,1
2,4,4/10/14,3691,471,1,0,0,0,1
2,5,4/11/14,4701,516,1,0,0,0,1
2,6,4/12/14,2574,328,1,0,0,0,1
2,7,4/13/14,0,0,0,0,0,0,1
2,1,4/14/14,7714,758,1,1,0,0,1
2,2,4/15/14,7701,747,1,1,0,0,1
2,3,4/16/14,7317,876,1,1,0,0,1
2,4,4/17/14,6647,737,1,1,0,0,1
2,5,4/18/14,0,0,0,1,0,0,1
2,6,4/19/14,4146,465,1,0,0,0,1
2,7,4/20/14,0,0,0,0,0,0,1
2,1,4/21/14,0,0,0,0,1,0,1
2,2,4/22/14,4419,573,1,0,1,0,1
2,3,4/23/14,4757,655,1,0,1,0,1
2,4,4/24/14,3675,515,1,0,1,0,1
2,5,4/25/14,3795,489,1,0,1,0,1
2,6,4/26/14,2701,335,1,0,0,0,1
2,7,4/27/14,0,0,0,0,0,0,1
2,1,4/28/14,6520,667,1,1,1,0,1
2,2,4/29/14,6667,707,1,1,1,0,1
2,3,4/30/14,7646,943,1,1,1,0,1
2,4,5/1/14,0,0,0,1,1,0,1
2,5,5/2/14,7176,743,1,1,1,0,1
2,6,5/3/14,2968,369,1,0,0,0,1
2,7,5/4/14,0,0,0,0,0,0,1
2,1,5/5/14,7242,751,1,1,0,0,1
2,2,5/6/14,5992,628,1,1,0,0,1
2,3,5/7/14,6733,780,1,1,0,0,1
2,4,5/8/14,5151,626,1,1,0,0,1
2,5,5/9/14,5979,743,1,1,0,0,1
2,6,5/10/14,2430,316,1,0,0,0,1
2,7,5/11/14,0,0,0,0,0,0,1
2,1,5/12/14,3860,546,1,0,0,0,1
2,2,5/13/14,3974,530,1,0,0,0,1
2,3,5/14/14,4700,664,1,0,0,0,1
2,4,5/15/14,4108,518,1,0,0,0,1
2,5,5/16/14,3779,528,1,0,0,0,1
2,6,5/17/14,2532,352,1,0,0,0,1
2,7,5/18/14,0,0,0,0,0,0,1
2,1,5/19/14,6996,734,1,1,0,0,1
2,2,5/20/14,5155,629,1,1,0,0,1
2,3,5/21/14,5584,753,1,1,0,0,1
2,4,5/22/14,4887,582,1,1,0,0,1
2,5,5/23/14,4802,555,1,1,0,0,1
2,6,5/24/14,2516,334,1,0,0,0,1
2,7,5/25/14,0,0,0,0,0,0,1
2,1,5/26/14,4173,547,1,0,0,0,1
2,2,5/27/14,4042,513,1,0,0,0,1
2,3,5/28/14,5203,652,1,0,0,0,1
2,4,5/29/14,0,0,0,0,0,0,1
2,5,5/30/14,5694,743,1,0,1,0,1
2,6,5/31/14,2953,485,1,0,0,0,1
2,7,6/1/14,0,0,0,0,0,0,1
2,1,6/2/14,7320,775,1,1,0,0,1
2,2,6/3/14,5619,641,1,1,0,0,1
2,3,6/4/14,7006,877,1,1,0,0,1
2,4,6/5/14,5957,657,1,1,0,0,1
2,5,6/6/14,5064,602,1,1,0,0,1
2,6,6/7/14,2893,384,1,0,0,0,1
2,7,6/8/14,0,0,0,0,0,0,1
2,1,6/9/14,0,0,0,0,0,0,1
2,2,6/10/14,4403,526,1,0,0,0,1
2,3,6/11/14,4976,670,1,0,0,0,1
2,4,6/12/14,5187,632,1,0,0,0,1
2,5,6/13/14,4568,544,1,0,0,0,1
2,6,6/14/14,2897,337,1,0,0,0,1
2,7,6/15/14,0,0,0,0,0,0,1
2,1,6/16/14,7394,748,1,1,0,0,1
2,2,6/17/14,5830,625,1,1,0,0,1
2,3,6/18/14,6300,775,1,1,0,0,1
2,4,6/19/14,5451,617,1,1,0,0,1
2,5,6/20/14,4572,538,1,1,0,0,1
2,6,6/21/14,2514,324,1,0,0,0,1
2,7,6/22/14,0,0,0,0,0,0,1
2,1,6/23/14,4066,559,1,0,0,0,1
2,2,6/24/14,3787,496,1,0,0,0,1
2,3,6/25/14,4767,613,1,0,0,0,1
2,4,6/26/14,4215,542,1,0,0,0,1
2,5,6/27/14,4646,552,1,0,0,0,1
2,6,6/28/14,2644,340,1,0,0,0,1
2,7,6/29/14,0,0,0,0,0,0,1
2,1,6/30/14,10682,1021,1,1,0,0,1
2,2,7/1/14,5454,646,1,1,0,0,1
2,3,7/2/14,6623,821,1,1,0,0,1
2,4,7/3/14,5824,888,1,1,0,0,1
2,5,7/4/14,5200,1133,1,1,0,0,1
2,6,7/5/14,4043,1013,1,0,0,0,1
2,7,7/6/14,0,0,0,0,0,0,1
2,1,7/7/14,3981,522,1,0,0,0,1
2,2,7/8/14,4009,538,1,0,0,0,1
2,3,7/9/14,4602,568,1,0,0,0,1
2,4,7/10/14,4557,507,1,0,0,0,1
2,5,7/11/14,3402,494,1,0,0,0,1
2,6,7/12/14,2806,340,1,0,0,0,1
2,7,7/13/14,0,0,0,0,0,0,1
2,1,7/14/14,7014,714,1,1,0,0,1
2,2,7/15/14,6361,692,1,1,0,0,1
2,3,7/16/14,7113,869,1,1,0,0,1
2,4,7/17/14,5315,600,1,1,0,0,1
2,5,7/18/14,4971,550,1,1,0,0,1
2,6,7/19/14,3009,339,1,0,0,0,1
2,7,7/20/14,0,0,0,0,0,0,1
2,1,7/21/14,3802,494,1,0,1,0,1
2,2,7/22/14,4509,566,1,0,1,0,1
2,3,7/23/14,5152,705,1,0,1,0,1
2,4,7/24/14,3886,510,1,0,1,0,1
2,5,7/25/14,3956,500,1,0,1,0,1
2,6,7/26/14,2243,316,1,0,0,0,1
2,7,7/27/14,0,0,0,0,0,0,1
2,1,7/28/14,6494,641,1,1,1,0,1
2,2,7/29/14,5274,561,1,1,1,0,1
2,3,7/30/14,6308,768,1,1,1,0,1
2,4,7/31/14,6301,703,1,1,1,0,1
2,5,8/1/14,5434,620,1,1,1,0,1
2,6,8/2/14,3354,451,1,0,0,0,1
2,7,8/3/14,0,0,0,0,0,0,1
2,1,8/4/14,6315,668,1,1,1,0,1
2,2,8/5/14,5811,621,1,1,1,0,1
2,3,8/6/14,6331,767,1,1,1,0,1
2,4,8/7/14,4809,563,1,1,1,0,1
2,5,8/8/14,4597,498,1,1,1,0,1
2,6,8/9/14,2592,344,1,0,0,0,1
2,7,8/10/14,0,0,0,0,0,0,1
2,1,8/11/14,4158,554,1,0,1,0,1
2,2,8/12/14,4319,535,1,0,1,0,1
2,3,8/13/14,5010,670,1,0,1,0,1
2,4,8/14/14,4606,564,1,0,1,0,1
2,5,8/15/14,4218,498,1,0,1,0,1
2,6,8/16/14,2847,336,1,0,0,0,1
2,7,8/17/14,0,0,0,0,0,0,1
2,1,8/18/14,6355,688,1,1,1,0,1
2,2,8/19/14,6000,647,1,1,1,0,1
2,3,8/20/14,7056,850,1,1,1,0,1
2,4,8/21/14,5626,615,1,1,1,0,1
2,5,8/22/14,5064,586,1,1,1,0,1
2,6,8/23/14,2738,341,1,0,0,0,1
2,7,8/24/14,0,0,0,0,0,0,1
2,1,8/25/14,3927,538,1,0,1,0,1
2,2,8/26/14,3647,462,1,0,1,0,1
2,3,8/27/14,5127,699,1,0,1,0,1
2,4,8/28/14,3717,524,1,0,1,0,1
2,5,8/29/14,4318,537,1,0,1,0,1
2,6,8/30/14,2976,376,1,0,0,0,1
2,7,8/31/14,0,0,0,0,0,0,1
2,1,9/1/14,8173,805,1,1,0,0,1
2,2,9/2/14,6422,645,1,1,0,0,1
2,3,9/3/14,6615,754,1,1,0,0,1
2,4,9/4/14,5401,635,1,1,0,0,1
2,5,9/5/14,4823,578,1,1,0,0,1
2,6,9/6/14,2551,329,1,0,0,0,1
2,7,9/7/14,0,0,0,0,0,0,1
2,1,9/8/14,4189,564,1,0,0,0,1
2,2,9/9/14,4963,589,1,0,0,0,1
2,3,9/10/14,4865,646,1,0,0,0,1
2,4,9/11/14,4123,477,1,0,0,0,1
2,5,9/12/14,3323,435,1,0,0,0,1
2,6,9/13/14,2593,318,1,0,0,0,1
2,7,9/14/14,0,0,0,0,0,0,1
2,1,9/15/14,6997,735,1,1,0,0,1
2,2,9/16/14,6207,663,1,1,0,0,1
2,3,9/17/14,6469,762,1,1,0,0,1
2,4,9/18/14,4994,556,1,1,0,0,1
2,5,9/19/14,4491,547,1,1,0,0,1
2,6,9/20/14,2473,306,1,0,0,0,1
2,7,9/21/14,0,0,0,0,0,0,1
2,1,9/22/14,4004,501,1,0,0,0,1
2,2,9/23/14,3874,510,1,0,0,0,1
2,3,9/24/14,5084,694,1,0,0,0,1
2,4,9/25/14,3911,504,1,0,0,0,1
2,5,9/26/14,3583,443,1,0,0,0,1
2,6,9/27/14,2725,354,1,0,0,0,1
2,7,9/28/14,0,0,0,0,0,0,1
2,1,9/29/14,7514,750,1,1,0,0,1
2,2,9/30/14,8461,839,1,1,0,0,1
2,3,10/1/14,5565,695,1,1,0,0,1
2,4,10/2/14,4845,630,1,1,0,0,1
2,5,10/3/14,2689,389,1,1,0,0,1
2,6,10/4/14,2979,377,1,0,0,0,1
2,7,10/5/14,0,0,0,0,0,0,1
2,1,10/6/14,7562,748,1,1,1,0,1
2,2,10/7/14,5808,646,1,1,1,0,1
2,3,10/8/14,6252,736,1,1,1,0,1
2,4,10/9/14,5283,614,1,1,1,0,1
2,5,10/10/14,4907,529,1,1,1,0,1
2,6,10/11/14,2497,322,1,0,0,0,1
2,7,10/12/14,0,0,0,0,0,0,1
2,1,10/13/14,4377,569,1,0,1,0,1
2,2,10/14/14,3982,516,1,0,1,0,1
2,3,10/15/14,4732,670,1,0,1,0,1
2,4,10/16/14,4288,522,1,0,1,0,1
2,5,10/17/14,3852,501,1,0,1,0,1
2,6,10/18/14,2613,330,1,0,0,0,1
2,7,10/19/14,0,0,0,0,0,0,1
2,1,10/20/14,6631,684,1,1,0,0,1
2,2,10/21/14,5382,593,1,1,0,0,1
2,3,10/22/14,5261,600,1,1,0,0,1
2,4,10/23/14,5729,628,1,1,0,0,1
2,5,10/24/14,5096,578,1,1,0,0,1
2,6,10/25/14,2542,331,1,0,0,0,1
2,7,10/26/14,0,0,0,0,0,0,1
2,1,10/27/14,4296,573,1,0,0,0,1
2,2,10/28/14,3849,523,1,0,0,0,1
2,3,10/29/14,4986,668,1,0,0,0,1
2,4,10/30/14,5394,653,1,0,0,0,1
2,5,10/31/14,0,0,0,0,0,0,1
2,6,11/1/14,3305,448,1,0,0,0,1
2,7,11/2/14,0,0,0,0,0,0,1
2,1,11/3/14,7549,783,1,1,0,0,1
2,2,11/4/14,7015,724,1,1,0,0,1
2,3,11/5/14,7142,797,1,1,0,0,1
2,4,11/6/14,6307,630,1,1,0,0,1
2,5,11/7/14,5445,590,1,1,0,0,1
2,6,11/8/14,3311,368,1,0,0,0,1
2,7,11/9/14,0,0,0,0,0,0,1
2,1,11/10/14,6423,690,1,1,0,0,1
2,2,11/11/14,5651,601,1,1,0,0,1
2,3,11/12/14,6818,776,1,1,0,0,1
2,4,11/13/14,5009,624,1,1,0,0,1
2,5,11/14/14,4655,560,1,1,0,0,1
2,6,11/15/14,2979,373,1,0,0,0,1
2,7,11/16/14,0,0,0,0,0,0,1
2,1,11/17/14,4157,552,1,0,0,0,1
2,2,11/18/14,3468,411,1,0,0,0,1
2,3,11/19/14,5091,674,1,0,0,0,1
2,4,11/20/14,4527,535,1,0,0,0,1
2,5,11/21/14,3978,472,1,0,0,0,1
2,6,11/22/14,3085,367,1,0,0,0,1
2,7,11/23/14,0,0,0,0,0,0,1
2,1,11/24/14,7038,696,1,1,0,0,1
2,2,11/25/14,6511,632,1,1,0,0,1
2,3,11/26/14,7588,828,1,1,0,0,1
2,4,11/27/14,6119,644,1,1,0,0,1
2,5,11/28/14,6062,608,1,1,0,0,1
2,6,11/29/14,3424,372,1,0,0,0,1
2,7,11/30/14,0,0,0,0,0,0,1
2,1,12/1/14,8674,783,1,1,0,0,1
2,2,12/2/14,7664,751,1,1,0,0,1
2,3,12/3/14,7533,769,1,1,0,0,1
2,4,12/4/14,6661,670,1,1,0,0,1
2,5,12/5/14,6385,676,1,1,0,0,1
2,6,12/6/14,2914,386,1,0,0,0,1
2,7,12/7/14,0,0,0,0,0,0,1
2,1,12/8/14,4821,616,1,0,0,0,1
2,2,12/9/14,5264,596,1,0,0,0,1
2,3,12/10/14,5830,717,1,0,0,0,1
2,4,12/11/14,4629,539,1,0,0,0,1
2,5,12/12/14,4407,497,1,0,0,0,1
2,6,12/13/14,3375,350,1,0,0,0,1
2,7,12/14/14,0,0,0,0,0,0,1
2,1,12/15/14,10419,909,1,1,0,0,1
2,2,12/16/14,9499,866,1,1,0,0,1
2,3,12/17/14,9365,909,1,1,0,0,1
2,4,12/18/14,8117,777,1,1,0,0,1
2,5,12/19/14,7574,718,1,1,0,0,1
2,6,12/20/14,4553,495,1,0,0,0,1
2,7,12/21/14,0,0,0,0,0,0,1
2,1,12/22/14,9027,924,1,0,1,0,1
2,2,12/23/14,7557,816,1,0,1,0,1
2,3,12/24/14,2437,274,1,0,1,0,1
2,4,12/25/14,0,0,0,0,1,0,1
2,5,12/26/14,0,0,0,0,1,0,1
2,6,12/27/14,3934,457,1,0,0,0,1
2,7,12/28/14,0,0,0,0,0,0,1
2,1,12/29/14,5999,662,1,0,1,0,1
2,2,12/30/14,5513,632,1,0,1,0,1
2,3,12/31/14,2269,252,1,0,1,0,1
2,4,1/1/15,0,0,0,0,1,0,1
2,5,1/2/15,4137,543,1,0,1,0,1
2,6,1/3/15,3132,350,1,0,0,0,1
2,7,1/4/15,0,0,0,0,0,0,1
2,1,1/5/15,7308,755,1,1,0,0,1
2,2,1/6/15,6696,727,1,1,0,0,1
2,3,1/7/15,5945,670,1,1,0,0,1
2,4,1/8/15,5246,567,1,1,0,0,1
2,5,1/9/15,4762,524,1,1,0,0,1
2,6,1/10/15,3024,346,1,0,0,0,1
2,7,1/11/15,0,0,0,0,0,0,1
2,1,1/12/15,7237,689,1,1,0,0,1
2,2,1/13/15,6444,695,1,1,0,0,1
2,3,1/14/15,6366,700,1,1,0,0,1
2,4,1/15/15,5810,632,1,1,0,0,1
2,5,1/16/15,5456,573,1,1,0,0,1
2,6,1/17/15,2883,340,1,0,0,0,1
2,7,1/18/15,0,0,0,0,0,0,1
2,1,1/19/15,4082,528,1,0,0,0,1
2,2,1/20/15,3955,491,1,0,0,0,1
2,3,1/21/15,4524,606,1,0,0,0,1
2,4,1/22/15,3728,484,1,0,0,0,1
2,5,1/23/15,3206,418,1,0,0,0,1
2,6,1/24/15,2575,326,1,0,0,0,1
2,7,1/25/15,0,0,0,0,0,0,1
2,1,1/26/15,5931,638,1,1,0,0,1
2,2,1/27/15,5258,575,1,1,0,0,1
2,3,1/28/15,6032,720,1,1,0,0,1
2,4,1/29/15,4775,539,1,1,0,0,1
2,5,1/30/15,5919,624,1,1,0,0,1
2,6,1/31/15,3067,323,1,0,0,0,1
2,7,2/1/15,0,0,0,0,0,0,1
2,1,2/2/15,8155,808,1,1,1,0,1
2,2,2/3/15,6837,684,1,1,1,0,1
2,3,2/4/15,6405,721,1,1,1,0,1
2,4,2/5/15,5275,603,1,1,1,0,1
2,5,2/6/15,5260,550,1,1,1,0,1
2,6,2/7/15,2335,306,1,0,0,0,1
2,7,2/8/15,0,0,0,0,0,0,1
2,1,2/9/15,3678,491,1,0,0,0,1
2,2,2/10/15,4653,567,1,0,0,0,1
2,3,2/11/15,4773,641,1,0,0,0,1
2,4,2/12/15,3765,485,1,0,0,0,1
2,5,2/13/15,3647,499,1,0,0,0,1
2,6,2/14/15,2809,351,1,0,0,0,1
2,7,2/15/15,0,0,0,0,0,0,1
2,1,2/16/15,7478,703,1,1,0,0,1
2,2,2/17/15,6113,623,1,1,0,0,1
2,3,2/18/15,6178,758,1,1,0,0,1
2,4,2/19/15,5842,627,1,1,0,0,1
2,5,2/20/15,4727,544,1,1,0,0,1
2,6,2/21/15,3005,355,1,0,0,0,1
2,7,2/22/15,0,0,0,0,0,0,1
2,1,2/23/15,3633,481,1,0,0,0,1
2,2,2/24/15,3755,498,1,0,0,0,1
2,3,2/25/15,4666,653,1,0,0,0,1
2,4,2/26/15,4035,509,1,0,0,0,1
2,5,2/27/15,4022,517,1,0,0,0,1
2,6,2/28/15,3032,378,1,0,0,0,1
2,7,3/1/15,0,0,0,0,0,0,1
2,1,3/2/15,7161,739,1,1,0,0,1
2,2,3/3/15,6610,697,1,1,0,0,1
2,3,3/4/15,6478,764,1,1,0,0,1
2,4,3/5/15,5532,634,1,1,0,0,1
2,5,3/6/15,4823,550,1,1,0,0,1
2,6,3/7/15,3211,367,1,0,0,0,1
2,7,3/8/15,0,0,0,0,0,0,1
2,1,3/9/15,3967,532,1,0,0,0,1
2,2,3/10/15,4095,512,1,0,0,0,1
2,3,3/11/15,4949,668,1,0,0,0,1
2,4,3/12/15,4065,514,1,0,0,0,1
2,5,3/13/15,3430,442,1,0,0,0,1
2,6,3/14/15,2803,343,1,0,0,0,1
2,7,3/15/15,0,0,0,0,0,0,1
2,1,3/16/15,7209,734,1,1,0,0,1
2,2,3/17/15,6457,666,1,1,0,0,1
2,3,3/18/15,7034,786,1,1,0,0,1
2,4,3/19/15,5737,622,1,1,0,0,1
2,5,3/20/15,4759,532,1,1,0,0,1
2,6,3/21/15,2922,367,1,0,0,0,1
2,7,3/22/15,0,0,0,0,0,0,1
2,1,3/23/15,4183,516,1,0,0,0,1
2,2,3/24/15,4436,523,1,0,0,0,1
2,3,3/25/15,5150,684,1,0,0,0,1
2,4,3/26/15,3912,486,1,0,0,0,1
2,5,3/27/15,3800,458,1,0,0,0,1
2,6,3/28/15,3011,355,1,0,0,0,1
2,7,3/29/15,0,0,0,0,0,0,1
2,1,3/30/15,8733,777,1,1,1,0,1
2,2,3/31/15,10107,850,1,1,1,0,1
2,3,4/1/15,6473,756,1,1,1,0,1
2,4,4/2/15,6168,619,1,1,1,0,1
2,5,4/3/15,0,0,0,1,1,0,1
2,6,4/4/15,4446,506,1,0,0,0,1
2,7,4/5/15,0,0,0,0,0,0,1
2,1,4/6/15,0,0,0,0,1,0,1
2,2,4/7/15,4588,582,1,0,1,0,1
2,3,4/8/15,5304,677,1,0,1,0,1
2,4,4/9/15,3793,501,1,0,1,0,1
2,5,4/10/15,3824,488,1,0,1,0,1
2,6,4/11/15,2662,319,1,0,0,0,1
2,7,4/12/15,0,0,0,0,0,0,1
2,1,4/13/15,6947,698,1,1,0,0,1
2,2,4/14/15,6569,703,1,1,0,0,1
2,3,4/15/15,7132,850,1,1,0,0,1
2,4,4/16/15,5371,590,1,1,0,0,1
2,5,4/17/15,4948,549,1,1,0,0,1
2,6,4/18/15,3066,340,1,0,0,0,1
2,7,4/19/15,0,0,0,0,0,0,1
2,1,4/20/15,4184,511,1,0,0,0,1
2,2,4/21/15,3291,469,1,0,0,0,1
2,3,4/22/15,5032,641,1,0,0,0,1
2,4,4/23/15,3588,482,1,0,0,0,1
2,5,4/24/15,3678,482,1,0,0,0,1
2,6,4/25/15,2916,453,1,0,0,0,1
2,7,4/26/15,0,0,0,0,0,0,1
2,1,4/27/15,6523,647,1,1,0,0,1
2,2,4/28/15,6861,678,1,1,0,0,1
2,3,4/29/15,6764,756,1,1,0,0,1
2,4,4/30/15,6884,716,1,1,0,0,1
2,5,5/1/15,0,0,0,1,0,0,1
2,6,5/2/15,3590,423,1,0,0,0,1
2,7,5/3/15,0,0,0,0,0,0,1
2,1,5/4/15,6901,681,1,1,0,0,1
2,2,5/5/15,6295,653,1,1,0,0,1
2,3,5/6/15,6558,780,1,1,0,0,1
2,4,5/7/15,5382,597,1,1,0,0,1
2,5,5/8/15,5734,753,1,1,0,0,1
2,6,5/9/15,2722,348,1,0,0,0,1
2,7,5/10/15,0,0,0,0,0,0,1
2,1,5/11/15,4521,544,1,0,0,0,1
2,2,5/12/15,4319,541,1,0,0,0,1
2,3,5/13/15,5662,734,1,0,0,0,1
2,4,5/14/15,0,0,0,0,0,0,1
2,5,5/15/15,5293,592,1,0,1,0,1
2,6,5/16/15,2831,337,1,0,0,0,1
2,7,5/17/15,0,0,0,0,0,0,1
2,1,5/18/15,8078,747,1,1,0,0,1
2,2,5/19/15,6388,631,1,1,0,0,1
2,3,5/20/15,6696,794,1,1,0,0,1
2,4,5/21/15,5431,609,1,1,0,0,1
2,5,5/22/15,4564,504,1,1,0,0,1
2,6,5/23/15,2732,331,1,0,0,0,1
2,7,5/24/15,0,0,0,0,0,0,1
2,1,5/25/15,0,0,0,0,0,0,1
2,2,5/26/15,4708,564,1,0,0,0,1
2,3,5/27/15,5093,672,1,0,0,0,1
2,4,5/28/15,4049,518,1,0,0,0,1
2,5,5/29/15,4541,576,1,0,0,0,1
2,6,5/30/15,3447,513,1,0,0,0,1
2,7,5/31/15,0,0,0,0,0,0,1
2,1,6/1/15,6629,673,1,1,0,0,1
2,2,6/2/15,7099,697,1,1,0,0,1
2,3,6/3/15,6682,768,1,1,0,0,1
2,4,6/4/15,5810,646,1,1,0,0,1
2,5,6/5/15,4938,532,1,1,0,0,1
2,6,6/6/15,2641,319,1,0,0,0,1
2,7,6/7/15,0,0,0,0,0,0,1
2,1,6/8/15,3918,501,1,0,0,0,1
2,2,6/9/15,4097,560,1,0,0,0,1
2,3,6/10/15,5035,680,1,0,0,0,1
2,4,6/11/15,4240,515,1,0,0,0,1
2,5,6/12/15,3539,480,1,0,0,0,1
2,6,6/13/15,2574,319,1,0,0,0,1
2,7,6/14/15,0,0,0,0,0,0,1
2,1,6/15/15,8106,762,1,1,0,0,1
2,2,6/16/15,6243,648,1,1,0,0,1
2,3,6/17/15,6924,805,1,1,0,0,1
2,4,6/18/15,5154,594,1,1,0,0,1
2,5,6/19/15,4926,544,1,1,0,0,1
2,6,6/20/15,3020,323,1,0,0,0,1
2,7,6/21/15,0,0,0,0,0,0,1
2,1,6/22/15,4123,491,1,0,0,0,1
2,2,6/23/15,4094,512,1,0,0,0,1
2,3,6/24/15,4805,654,1,0,0,0,1
2,4,6/25/15,4022,508,1,0,0,0,1
2,5,6/26/15,3953,476,1,0,0,0,1
2,6,6/27/15,2404,303,1,0,0,0,1
2,7,6/28/15,0,0,0,0,0,0,1
2,1,6/29/15,7961,734,1,1,0,0,1
2,2,6/30/15,9863,877,1,1,0,0,1
2,3,7/1/15,6431,786,1,1,0,0,1
2,4,7/2/15,6189,921,1,1,0,0,1
2,5,7/3/15,4838,1029,1,1,0,0,1
2,6,7/4/15,4475,1147,1,0,0,0,1
2,7,7/5/15,0,0,0,0,0,0,1
2,1,7/6/15,4132,523,1,0,0,0,1
2,2,7/7/15,4313,531,1,0,0,0,1
2,3,7/8/15,5676,693,1,0,0,0,1
2,4,7/9/15,4082,495,1,0,0,0,1
2,5,7/10/15,4384,539,1,0,0,0,1
2,6,7/11/15,2677,311,1,0,0,0,1
2,7,7/12/15,0,0,0,0,0,0,1
2,1,7/13/15,6874,687,1,1,1,0,1
2,2,7/14/15,6122,645,1,1,1,0,1
2,3,7/15/15,6406,780,1,1,1,0,1
2,4,7/16/15,5062,544,1,1,1,0,1
2,5,7/17/15,4518,495,1,1,1,0,1
2,6,7/18/15,3417,359,1,0,0,0,1
2,7,7/19/15,0,0,0,0,0,0,1
2,1,7/20/15,4435,564,1,0,1,0,1
2,2,7/21/15,3836,532,1,0,1,0,1
2,3,7/22/15,5093,650,1,0,1,0,1
2,4,7/23/15,4108,521,1,0,1,0,1
2,5,7/24/15,3854,468,1,0,1,0,1
2,6,7/25/15,2512,316,1,0,0,0,1
2,7,7/26/15,0,0,0,0,0,0,1
2,1,7/27/15,6627,638,1,1,1,0,1
2,2,7/28/15,5671,646,1,1,1,0,1
2,3,7/29/15,6402,727,1,1,1,0,1
2,4,7/30/15,5567,601,1,1,1,0,1
2,5,7/31/15,6064,625,1,1,1,0,1
3,2,1/1/13,0,0,0,0,1,1,1
3,3,1/2/13,6823,805,1,0,1,1,1
3,4,1/3/13,5902,721,1,0,1,1,1
3,5,1/4/13,6069,690,1,0,1,1,1
3,6,1/5/13,4523,525,1,0,0,1,1
3,7,1/6/13,0,0,0,0,0,1,1
3,1,1/7/13,12247,1079,1,1,0,1,1
3,2,1/8/13,9800,856,1,1,0,1,1
3,3,1/9/13,8001,778,1,1,0,1,1
3,4,1/10/13,7772,791,1,1,0,1,1
3,5,1/11/13,9292,951,1,1,0,1,1
3,6,1/12/13,4455,485,1,0,0,1,1
3,7,1/13/13,0,0,0,0,0,1,1
3,1,1/14/13,4566,599,1,0,0,1,1
3,2,1/15/13,5041,669,1,0,0,1,1
3,3,1/16/13,4827,617,1,0,0,1,1
3,4,1/17/13,4463,600,1,0,0,1,1
3,5,1/18/13,5390,703,1,0,0,1,1
3,6,1/19/13,3938,427,1,0,0,1,1
3,7,1/20/13,0,0,0,0,0,1,1
3,1,1/21/13,6014,630,1,1,0,1,1
3,2,1/22/13,7961,797,1,1,0,1,1
3,3,1/23/13,7863,803,1,1,0,1,1
3,4,1/24/13,7910,814,1,1,0,1,1
3,5,1/25/13,7565,773,1,1,0,1,1
3,6,1/26/13,3902,450,1,0,0,1,1
3,7,1/27/13,0,0,0,0,0,1,1
3,1,1/28/13,5352,722,1,0,0,1,1
3,2,1/29/13,5375,711,1,0,0,1,1
3,3,1/30/13,4920,647,1,0,0,1,1
3,4,1/31/13,5682,648,1,0,0,1,1
3,5,2/1/13,6725,806,1,0,0,1,1
3,6,2/2/13,5155,603,1,0,0,1,1
3,7,2/3/13,0,0,0,0,0,1,1
3,1,2/4/13,10913,1070,1,1,0,1,1
3,2,2/5/13,9372,925,1,1,0,1,1
3,3,2/6/13,9084,950,1,1,0,1,1
3,4,2/7/13,7786,861,1,1,0,1,1
3,5,2/8/13,7945,842,1,1,0,1,1
3,6,2/9/13,4324,494,1,0,0,1,1
3,7,2/10/13,0,0,0,0,0,1,1
3,1,2/11/13,5541,736,1,0,0,1,1
3,2,2/12/13,5725,758,1,0,0,1,1
3,3,2/13/13,5111,680,1,0,0,1,1
3,4,2/14/13,5912,741,1,0,0,1,1
3,5,2/15/13,5159,673,1,0,0,1,1
3,6,2/16/13,4000,488,1,0,0,1,1
3,7,2/17/13,0,0,0,0,0,1,1
3,1,2/18/13,10793,1008,1,1,0,1,1
3,2,2/19/13,7997,755,1,1,0,1,1
3,3,2/20/13,7862,812,1,1,0,1,1
3,4,2/21/13,7517,772,1,1,0,1,1
3,5,2/22/13,7993,840,1,1,0,1,1
3,6,2/23/13,3688,446,1,0,0,1,1
3,7,2/24/13,0,0,0,0,0,1,1
3,1,2/25/13,5072,675,1,0,0,1,1
3,2,2/26/13,5154,669,1,0,0,1,1
3,3,2/27/13,5172,670,1,0,0,1,1
3,4,2/28/13,6167,767,1,0,0,1,1
3,5,3/1/13,6575,800,1,0,0,1,1
3,6,3/2/13,5037,638,1,0,0,1,1
3,7,3/3/13,0,0,0,0,0,1,1
3,1,3/4/13,11004,1080,1,1,0,1,1
3,2,3/5/13,9878,987,1,1,0,1,1
3,3,3/6/13,8729,871,1,1,0,1,1
3,4,3/7/13,8479,901,1,1,0,1,1
3,5,3/8/13,8174,864,1,1,0,1,1
3,6,3/9/13,3778,436,1,0,0,1,1
3,7,3/10/13,0,0,0,0,0,1,1
3,1,3/11/13,4968,633,1,0,0,1,1
3,2,3/12/13,5452,704,1,0,0,1,1
3,3,3/13/13,5391,703,1,0,0,1,1
3,4,3/14/13,4993,642,1,0,0,1,1
3,5,3/15/13,6933,829,1,0,0,1,1
3,6,3/16/13,4249,493,1,0,0,1,1
3,7,3/17/13,0,0,0,0,0,1,1
3,1,3/18/13,11199,1062,1,1,0,1,1
3,2,3/19/13,9725,965,1,1,0,1,1
3,3,3/20/13,8459,868,1,1,0,1,1
3,4,3/21/13,8245,855,1,1,0,1,1
3,5,3/22/13,8355,886,1,1,0,1,1
3,6,3/23/13,4200,457,1,0,0,1,1
3,7,3/24/13,0,0,0,0,0,1,1
3,1,3/25/13,10181,1031,1,1,1,1,1
3,2,3/26/13,9991,999,1,1,1,1,1
3,3,3/27/13,9033,946,1,1,1,1,1
3,4,3/28/13,9884,1032,1,1,1,1,1
3,5,3/29/13,0,0,0,1,1,1,1
3,6,3/30/13,6267,672,1,0,0,1,1
3,7,3/31/13,0,0,0,0,0,1,1
3,1,4/1/13,0,0,0,0,1,1,1
3,2,4/2/13,5856,802,1,0,1,1,1
3,3,4/3/13,5704,715,1,0,1,1,1
3,4,4/4/13,6663,781,1,0,1,1,1
3,5,4/5/13,6197,740,1,0,1,1,1
3,6,4/6/13,4656,556,1,0,0,1,1
3,7,4/7/13,0,0,0,0,0,1,1
3,1,4/8/13,9781,940,1,1,0,1,1
3,2,4/9/13,9416,925,1,1,0,1,1
3,3,4/10/13,8414,839,1,1,0,1,1
3,4,4/11/13,7959,760,1,1,0,1,1
3,5,4/12/13,8866,936,1,1,0,1,1
3,6,4/13/13,3765,438,1,0,0,1,1
3,7,4/14/13,0,0,0,0,0,1,1
3,1,4/15/13,5295,723,1,0,0,1,1
3,2,4/16/13,5092,688,1,0,0,1,1
3,3,4/17/13,5320,699,1,0,0,1,1
3,4,4/18/13,5399,689,1,0,0,1,1
3,5,4/19/13,5608,705,1,0,0,1,1
3,6,4/20/13,4007,472,1,0,0,1,1
3,7,4/21/13,0,0,0,0,0,1,1
3,1,4/22/13,8979,930,1,1,0,1,1
3,2,4/23/13,8294,835,1,1,0,1,1
3,3,4/24/13,8041,838,1,1,0,1,1
3,4,4/25/13,7232,789,1,1,0,1,1
3,5,4/26/13,7194,744,1,1,0,1,1
3,6,4/27/13,3773,451,1,0,0,1,1
3,7,4/28/13,0,0,0,0,0,1,1
3,1,4/29/13,9036,871,1,1,0,1,1
3,2,4/30/13,11641,1129,1,1,0,1,1
3,3,5/1/13,0,0,0,1,0,1,1
3,4,5/2/13,9884,1011,1,1,0,1,1
3,5,5/3/13,9198,964,1,1,0,1,1
3,6,5/4/13,4732,590,1,0,0,1,1
3,7,5/5/13,0,0,0,0,0,1,1
3,1,5/6/13,6092,758,1,0,0,1,1
3,2,5/7/13,6048,717,1,0,0,1,1
3,3,5/8/13,6866,838,1,0,0,1,1
3,4,5/9/13,0,0,0,0,0,1,1
3,5,5/10/13,7821,909,1,0,0,1,1
3,6,5/11/13,6103,847,1,0,0,1,1
3,7,5/12/13,0,0,0,0,0,1,1
3,1,5/13/13,8836,860,1,1,0,1,1
3,2,5/14/13,8802,937,1,1,0,1,1
3,3,5/15/13,8094,878,1,1,0,1,1
3,4,5/16/13,8081,886,1,1,0,1,1
3,5,5/17/13,7980,827,1,1,0,1,1
3,6,5/18/13,3946,443,1,0,0,1,1
3,7,5/19/13,0,0,0,0,0,1,1
3,1,5/20/13,0,0,0,0,0,1,1
3,2,5/21/13,6829,829,1,0,1,1,1
3,3,5/22/13,5617,702,1,0,0,1,1
3,4,5/23/13,4929,648,1,0,0,1,1
3,5,5/24/13,6220,780,1,0,0,1,1
3,6,5/25/13,4144,468,1,0,0,1,1
3,7,5/26/13,0,0,0,0,0,1,1
3,1,5/27/13,9551,948,1,1,0,1,1
3,2,5/28/13,9168,911,1,1,0,1,1
3,3,5/29/13,9222,945,1,1,0,1,1
3,4,5/30/13,0,0,0,1,0,1,1
3,5,5/31/13,12211,1167,1,1,0,1,1
3,6,6/1/13,4947,587,1,0,0,1,1
3,7,6/2/13,0,0,0,0,0,1,1
3,1,6/3/13,10025,1014,1,1,0,1,1
3,2,6/4/13,8935,904,1,1,0,1,1
3,3,6/5/13,7714,816,1,1,0,1,1
3,4,6/6/13,8051,840,1,1,0,1,1
3,5,6/7/13,8351,895,1,1,0,1,1
3,6,6/8/13,4002,480,1,0,0,1,1
3,7,6/9/13,0,0,0,0,0,1,1
3,1,6/10/13,5881,742,1,0,0,1,1
3,2,6/11/13,5592,727,1,0,0,1,1
3,3,6/12/13,5520,657,1,0,0,1,1
3,4,6/13/13,5499,647,1,0,0,1,1
3,5,6/14/13,6440,742,1,0,0,1,1
3,6,6/15/13,4330,491,1,0,0,1,1
3,7,6/16/13,0,0,0,0,0,1,1
3,1,6/17/13,10328,986,1,1,0,1,1
3,2,6/18/13,9065,892,1,1,0,1,1
3,3,6/19/13,7745,761,1,1,0,1,1
3,4,6/20/13,6633,710,1,1,0,1,1
3,5,6/21/13,8739,863,1,1,0,1,1
3,6,6/22/13,4199,485,1,0,0,1,1
3,7,6/23/13,0,0,0,0,0,1,1
3,1,6/24/13,6538,716,1,0,0,1,1
3,2,6/25/13,5414,701,1,0,0,1,1
3,3,6/26/13,5461,676,1,0,0,1,1
3,4,6/27/13,6546,787,1,0,0,1,1
3,5,6/28/13,8280,887,1,0,0,1,1
3,6,6/29/13,6227,742,1,0,0,1,1
3,7,6/30/13,0,0,0,0,0,1,1
3,1,7/1/13,9469,949,1,1,0,1,1
3,2,7/2/13,9158,892,1,1,0,1,1
3,3,7/3/13,9924,908,1,1,0,1,1
3,4,7/4/13,8932,930,1,1,0,1,1
3,5,7/5/13,9257,930,1,1,0,1,1
3,6,7/6/13,4882,582,1,0,0,1,1
3,7,7/7/13,0,0,0,0,0,1,1
3,1,7/8/13,6103,737,1,0,0,1,1
3,2,7/9/13,6097,768,1,0,0,1,1
3,3,7/10/13,6691,798,1,0,0,1,1
3,4,7/11/13,6035,698,1,0,0,1,1
3,5,7/12/13,5769,715,1,0,0,1,1
3,6,7/13/13,4056,489,1,0,0,1,1
3,7,7/14/13,0,0,0,0,0,1,1
3,1,7/15/13,12179,1094,1,1,0,1,1
3,2,7/16/13,11756,1070,1,1,0,1,1
3,3,7/17/13,9886,909,1,1,0,1,1
3,4,7/18/13,9098,927,1,1,0,1,1
3,5,7/19/13,9174,926,1,1,0,1,1
3,6,7/20/13,4392,484,1,0,0,1,1
3,7,7/21/13,0,0,0,0,0,1,1
3,1,7/22/13,5152,640,1,0,1,1,1
3,2,7/23/13,5723,656,1,0,1,1,1
3,3,7/24/13,5430,659,1,0,1,1,1
3,4,7/25/13,5936,717,1,0,1,1,1
3,5,7/26/13,5283,656,1,0,1,1,1
3,6,7/27/13,3845,433,1,0,0,1,1
3,7,7/28/13,0,0,0,0,0,1,1
3,1,7/29/13,10853,965,1,1,1,1,1
3,2,7/30/13,10451,958,1,1,1,1,1
3,3,7/31/13,10895,1036,1,1,1,1,1
3,4,8/1/13,8738,893,1,1,1,1,1
3,5,8/2/13,7610,748,1,1,1,1,1
3,6,8/3/13,4546,532,1,0,0,1,1
3,7,8/4/13,0,0,0,0,0,1,1
3,1,8/5/13,5991,748,1,0,1,1,1
3,2,8/6/13,6166,737,1,0,1,1,1
3,3,8/7/13,5982,716,1,0,1,1,1
3,4,8/8/13,5916,684,1,0,1,1,1
3,5,8/9/13,5991,705,1,0,1,1,1
3,6,8/10/13,3883,427,1,0,0,1,1
3,7,8/11/13,0,0,0,0,0,1,1
3,1,8/12/13,10962,1006,1,1,1,1,1
3,2,8/13/13,10004,1007,1,1,1,1,1
3,3,8/14/13,8452,844,1,1,1,1,1
3,4,8/15/13,8369,867,1,1,1,1,1
3,5,8/16/13,7585,850,1,1,1,1,1
3,6,8/17/13,3242,421,1,0,0,1,1
3,7,8/18/13,0,0,0,0,0,1,1
3,1,8/19/13,4369,539,1,0,1,1,1
3,2,8/20/13,5290,671,1,0,1,1,1
3,3,8/21/13,5070,673,1,0,1,1,1
3,4,8/22/13,5225,670,1,0,1,1,1
3,5,8/23/13,4692,633,1,0,1,1,1
3,6,8/24/13,3525,427,1,0,0,1,1
3,7,8/25/13,0,0,0,0,0,1,1
3,1,8/26/13,9613,948,1,1,1,1,1
3,2,8/27/13,8893,914,1,1,1,1,1
3,3,8/28/13,8266,871,1,1,1,1,1
3,4,8/29/13,7384,823,1,1,1,1,1
3,5,8/30/13,8954,909,1,1,1,1,1
3,6,8/31/13,3584,448,1,0,0,1,1
3,7,9/1/13,0,0,0,0,0,1,1
3,1,9/2/13,5625,720,1,0,1,1,1
3,2,9/3/13,5847,739,1,0,1,1,1
3,3,9/4/13,6116,750,1,0,0,1,1
3,4,9/5/13,4921,641,1,0,0,1,1
3,5,9/6/13,4750,635,1,0,0,1,1
3,6,9/7/13,3661,444,1,0,0,1,1
3,7,9/8/13,0,0,0,0,0,1,1
3,1,9/9/13,11058,995,1,1,0,1,1
3,2,9/10/13,8361,774,1,1,0,1,1
3,3,9/11/13,8568,796,1,1,0,1,1
3,4,9/12/13,8774,876,1,1,0,1,1
3,5,9/13/13,8610,893,1,1,0,1,1
3,6,9/14/13,3537,393,1,0,0,1,1
3,7,9/15/13,0,0,0,0,0,1,1
3,1,9/16/13,5391,692,1,0,0,1,1
3,2,9/17/13,5517,725,1,0,0,1,1
3,3,9/18/13,5378,681,1,0,0,1,1
3,4,9/19/13,5120,672,1,0,0,1,1
3,5,9/20/13,5426,669,1,0,0,1,1
3,6,9/21/13,3554,461,1,0,0,1,1
3,7,9/22/13,0,0,0,0,0,1,1
3,1,9/23/13,9002,885,1,1,0,1,1
3,2,9/24/13,8376,893,1,1,0,1,1
3,3,9/25/13,7475,812,1,1,0,1,1
3,4,9/26/13,7003,759,1,1,0,1,1
3,5,9/27/13,8387,845,1,1,0,1,1
3,6,9/28/13,3845,444,1,0,0,1,1
3,7,9/29/13,0,0,0,0,0,1,1
3,1,9/30/13,8988,945,1,0,0,1,1
3,2,10/1/13,5903,743,1,0,0,1,1
3,3,10/2/13,6045,765,1,0,0,1,1
3,4,10/3/13,0,0,0,0,0,1,1
3,5,10/4/13,8093,888,1,0,0,1,1
3,6,10/5/13,4802,555,1,0,0,1,1
3,7,10/6/13,0,0,0,0,0,1,1
3,1,10/7/13,10779,940,1,1,0,1,1
3,2,10/8/13,9269,885,1,1,0,1,1
3,3,10/9/13,8250,817,1,1,0,1,1
3,4,10/10/13,8711,913,1,1,0,1,1
3,5,10/11/13,7076,700,1,1,0,1,1
3,6,10/12/13,4076,460,1,0,0,1,1
3,7,10/13/13,0,0,0,0,0,1,1
3,1,10/14/13,5982,757,1,0,0,1,1
3,2,10/15/13,5598,705,1,0,0,1,1
3,3,10/16/13,5563,710,1,0,0,1,1
3,4,10/17/13,5261,678,1,0,0,1,1
3,5,10/18/13,5684,724,1,0,0,1,1
3,6,10/19/13,3568,418,1,0,0,1,1
3,7,10/20/13,0,0,0,0,0,1,1
3,1,10/21/13,9712,969,1,1,1,1,1
3,2,10/22/13,8058,831,1,1,1,1,1
3,3,10/23/13,7839,834,1,1,1,1,1
3,4,10/24/13,7163,784,1,1,1,1,1
3,5,10/25/13,6614,764,1,1,1,1,1
3,6,10/26/13,2936,413,1,0,0,1,1
3,7,10/27/13,0,0,0,0,0,1,1
3,1,10/28/13,4025,491,1,0,1,1,1
3,2,10/29/13,4838,634,1,0,1,1,1
3,3,10/30/13,5900,683,1,0,1,1,1
3,4,10/31/13,6532,802,1,0,1,1,1
3,5,11/1/13,0,0,0,0,1,1,1
3,6,11/2/13,6359,641,1,0,0,1,1
3,7,11/3/13,0,0,0,0,0,1,1
3,1,11/4/13,9119,832,1,1,0,1,1
3,2,11/5/13,10275,984,1,1,0,1,1
3,3,11/6/13,8378,833,1,1,0,1,1
3,4,11/7/13,7662,786,1,1,0,1,1
3,5,11/8/13,7958,857,1,1,0,1,1
3,6,11/9/13,4305,491,1,0,0,1,1
3,7,11/10/13,0,0,0,0,0,1,1
3,1,11/11/13,5084,661,1,0,0,1,1
3,2,11/12/13,5267,678,1,0,0,1,1
3,3,11/13/13,5530,713,1,0,0,1,1
3,4,11/14/13,5240,685,1,0,0,1,1
3,5,11/15/13,5919,742,1,0,0,1,1
3,6,11/16/13,3893,451,1,0,0,1,1
3,7,11/17/13,0,0,0,0,0,1,1
3,1,11/18/13,9719,932,1,1,0,1,1
3,2,11/19/13,8865,902,1,1,0,1,1
3,3,11/20/13,8573,867,1,1,0,1,1
3,4,11/21/13,7630,824,1,1,0,1,1
3,5,11/22/13,7697,807,1,1,0,1,1
3,6,11/23/13,4109,486,1,0,0,1,1
3,7,11/24/13,0,0,0,0,0,1,1
3,1,11/25/13,5968,734,1,0,0,1,1
3,2,11/26/13,5880,733,1,0,0,1,1
3,3,11/27/13,5942,666,1,0,0,1,1
3,4,11/28/13,6096,797,1,0,0,1,1
3,5,11/29/13,7152,795,1,0,0,1,1
3,6,11/30/13,6960,759,1,0,0,1,1
3,7,12/1/13,0,0,0,0,0,1,1
3,1,12/2/13,12144,1097,1,1,0,1,1
3,2,12/3/13,10485,1039,1,1,0,1,1
3,3,12/4/13,9624,948,1,1,0,1,1
3,4,12/5/13,7872,727,1,1,0,1,1
3,5,12/6/13,8300,859,1,1,0,1,1
3,6,12/7/13,7151,886,1,0,0,1,1
3,7,12/8/13,0,0,0,0,0,1,1
3,1,12/9/13,5478,716,1,0,0,1,1
3,2,12/10/13,6595,841,1,0,0,1,1
3,3,12/11/13,7577,887,1,0,0,1,1
3,4,12/12/13,6921,850,1,0,0,1,1
3,5,12/13/13,7146,877,1,0,0,1,1
3,6,12/14/13,6688,721,1,0,0,1,1
3,7,12/15/13,0,0,0,0,0,1,1
3,1,12/16/13,14647,1282,1,1,0,1,1
3,2,12/17/13,14555,1284,1,1,0,1,1
3,3,12/18/13,12564,1198,1,1,0,1,1
3,4,12/19/13,10463,1105,1,1,0,1,1
3,5,12/20/13,12352,1227,1,1,0,1,1
3,6,12/21/13,8215,997,1,0,0,1,1
3,7,12/22/13,0,0,0,0,0,1,1
3,1,12/23/13,14461,1579,1,0,1,1,1
3,2,12/24/13,4460,625,1,0,1,1,1
3,3,12/25/13,0,0,0,0,1,1,1
3,4,12/26/13,0,0,0,0,1,1,1
3,5,12/27/13,8158,966,1,0,1,1,1
3,6,12/28/13,3927,420,1,0,0,1,1
3,7,12/29/13,0,0,0,0,0,1,1
3,1,12/30/13,10503,1165,1,0,1,1,1
3,2,12/31/13,4081,463,1,0,1,1,1
3,3,1/1/14,0,0,0,0,1,1,1
3,4,1/2/14,5703,690,1,0,1,1,1
3,5,1/3/14,6821,766,1,0,1,1,1
3,6,1/4/14,4727,537,1,0,0,1,1
3,7,1/5/14,0,0,0,0,0,1,1
3,1,1/6/14,11326,946,1,1,1,1,1
3,2,1/7/14,11215,990,1,1,1,1,1
3,3,1/8/14,8242,794,1,1,0,1,1
3,4,1/9/14,7081,743,1,1,0,1,1
3,5,1/10/14,9242,902,1,1,0,1,1
3,6,1/11/14,4397,482,1,0,0,1,1
3,7,1/12/14,0,0,0,0,0,1,1
3,1,1/13/14,5420,682,1,0,0,1,1
3,2,1/14/14,4934,648,1,0,0,1,1
3,3,1/15/14,5163,665,1,0,0,1,1
3,4,1/16/14,5395,681,1,0,0,1,1
3,5,1/17/14,5115,660,1,0,0,1,1
3,6,1/18/14,4232,449,1,0,0,1,1
3,7,1/19/14,0,0,0,0,0,1,1
3,1,1/20/14,10251,943,1,1,0,1,1
3,2,1/21/14,9246,850,1,1,0,1,1
3,3,1/22/14,9642,1006,1,1,0,1,1
3,4,1/23/14,7857,799,1,1,0,1,1
3,5,1/24/14,6981,748,1,1,0,1,1
3,6,1/25/14,3416,440,1,0,0,1,1
3,7,1/26/14,0,0,0,0,0,1,1
3,1,1/27/14,4602,633,1,0,0,1,1
3,2,1/28/14,4816,630,1,0,0,1,1
3,3,1/29/14,4887,628,1,0,0,1,1
3,4,1/30/14,5219,658,1,0,0,1,1
3,5,1/31/14,8097,812,1,0,0,1,1
3,6,2/1/14,4968,499,1,0,0,1,1
3,7,2/2/14,0,0,0,0,0,1,1
3,1,2/3/14,11861,1030,1,1,0,1,1
3,2,2/4/14,10084,914,1,1,0,1,1
3,3,2/5/14,8124,834,1,1,0,1,1
3,4,2/6/14,7920,828,1,1,0,1,1
3,5,2/7/14,7198,767,1,1,0,1,1
3,6,2/8/14,4369,457,1,0,0,1,1
3,7,2/9/14,0,0,0,0,0,1,1
3,1,2/10/14,5396,737,1,0,0,1,1
3,2,2/11/14,4877,662,1,0,0,1,1
3,3,2/12/14,5675,710,1,0,0,1,1
3,4,2/13/14,5132,684,1,0,0,1,1
3,5,2/14/14,6213,753,1,0,0,1,1
3,6,2/15/14,3793,415,1,0,0,1,1
3,7,2/16/14,0,0,0,0,0,1,1
3,1,2/17/14,10020,989,1,1,0,1,1
3,2,2/18/14,8382,843,1,1,0,1,1
3,3,2/19/14,8156,812,1,1,0,1,1
3,4,2/20/14,6798,766,1,1,0,1,1
3,5,2/21/14,7511,799,1,1,0,1,1
3,6,2/22/14,4082,475,1,0,0,1,1
3,7,2/23/14,0,0,0,0,0,1,1
3,1,2/24/14,5141,672,1,0,0,1,1
3,2,2/25/14,4858,680,1,0,0,1,1
3,3,2/26/14,4580,640,1,0,0,1,1
3,4,2/27/14,5324,684,1,0,0,1,1
3,5,2/28/14,6792,786,1,0,0,1,1
3,6,3/1/14,4718,539,1,0,0,1,1
3,7,3/2/14,0,0,0,0,0,1,1
3,1,3/3/14,11091,1032,1,1,0,1,1
3,2,3/4/14,9520,901,1,1,0,1,1
3,3,3/5/14,8867,878,1,1,0,1,1
3,4,3/6/14,8140,835,1,1,0,1,1
3,5,3/7/14,8321,861,1,1,0,1,1
3,6,3/8/14,3407,426,1,0,0,1,1
3,7,3/9/14,0,0,0,0,0,1,1
3,1,3/10/14,4928,703,1,0,0,1,1
3,2,3/11/14,5412,684,1,0,0,1,1
3,3,3/12/14,4951,649,1,0,0,1,1
3,4,3/13/14,4918,719,1,0,0,1,1
3,5,3/14/14,6245,705,1,0,0,1,1
3,6,3/15/14,4255,448,1,0,0,1,1
3,7,3/16/14,0,0,0,0,0,1,1
3,1,3/17/14,9154,908,1,1,0,1,1
3,2,3/18/14,9011,867,1,1,0,1,1
3,3,3/19/14,8417,843,1,1,0,1,1
3,4,3/20/14,7390,796,1,1,0,1,1
3,5,3/21/14,6765,711,1,1,0,1,1
3,6,3/22/14,4389,470,1,0,0,1,1
3,7,3/23/14,0,0,0,0,0,1,1
3,1,3/24/14,5248,696,1,0,0,1,1
3,2,3/25/14,5207,692,1,0,0,1,1
3,3,3/26/14,5158,634,1,0,0,1,1
3,4,3/27/14,4969,635,1,0,0,1,1
3,5,3/28/14,6194,737,1,0,0,1,1
3,6,3/29/14,4200,466,1,0,0,1,1
3,7,3/30/14,0,0,0,0,0,1,1
3,1,3/31/14,13588,1161,1,1,0,1,1
3,2,4/1/14,6800,804,1,1,0,1,1
3,3,4/2/14,7481,791,1,1,0,1,1
3,4,4/3/14,7477,838,1,1,0,1,1
3,5,4/4/14,7562,827,1,1,0,1,1
3,6,4/5/14,3904,434,1,0,0,1,1
3,7,4/6/14,0,0,0,0,0,1,1
3,1,4/7/14,5121,671,1,0,0,1,1
3,2,4/8/14,5218,628,1,0,0,1,1
3,3,4/9/14,5389,655,1,0,0,1,1
3,4,4/10/14,5683,700,1,0,0,1,1
3,5,4/11/14,6169,696,1,0,0,1,1
3,6,4/12/14,3795,430,1,0,0,1,1
3,7,4/13/14,0,0,0,0,0,1,1
3,1,4/14/14,10103,930,1,1,1,1,1
3,2,4/15/14,10021,951,1,1,1,1,1
3,3,4/16/14,9311,954,1,1,1,1,1
3,4,4/17/14,8309,946,1,1,1,1,1
3,5,4/18/14,0,0,0,1,1,1,1
3,6,4/19/14,5794,690,1,0,0,1,1
3,7,4/20/14,0,0,0,0,0,1,1
3,1,4/21/14,0,0,0,0,1,1,1
3,2,4/22/14,6172,782,1,0,1,1,1
3,3,4/23/14,5561,684,1,0,1,1,1
3,4,4/24/14,5389,684,1,0,1,1,1
3,5,4/25/14,5241,673,1,0,1,1,1
3,6,4/26/14,3906,443,1,0,0,1,1
3,7,4/27/14,0,0,0,0,0,1,1
3,1,4/28/14,9500,934,1,1,0,1,1
3,2,4/29/14,8455,874,1,1,0,1,1
3,3,4/30/14,10482,1015,1,1,0,1,1
3,4,5/1/14,0,0,0,1,0,1,1
3,5,5/2/14,10994,1066,1,1,0,1,1
3,6,5/3/14,4950,557,1,0,0,1,1
3,7,5/4/14,0,0,0,0,0,1,1
3,1,5/5/14,9327,926,1,1,0,1,1
3,2,5/6/14,8925,891,1,1,0,1,1
3,3,5/7/14,8435,855,1,1,0,1,1
3,4,5/8/14,7396,796,1,1,0,1,1
3,5,5/9/14,7499,802,1,1,0,1,1
3,6,5/10/14,5868,720,1,0,0,1,1
3,7,5/11/14,0,0,0,0,0,1,1
3,1,5/12/14,4367,594,1,0,0,1,1
3,2,5/13/14,6174,720,1,0,0,1,1
3,3,5/14/14,5142,668,1,0,0,1,1
3,4,5/15/14,5190,672,1,0,0,1,1
3,5,5/16/14,5744,711,1,0,0,1,1
3,6,5/17/14,3485,444,1,0,0,1,1
3,7,5/18/14,0,0,0,0,0,1,1
3,1,5/19/14,9011,902,1,1,0,1,1
3,2,5/20/14,7828,869,1,1,0,1,1
3,3,5/21/14,7139,769,1,1,0,1,1
3,4,5/22/14,6899,753,1,1,0,1,1
3,5,5/23/14,6619,710,1,1,0,1,1
3,6,5/24/14,4236,470,1,0,0,1,1
3,7,5/25/14,0,0,0,0,0,1,1
3,1,5/26/14,5458,702,1,0,0,1,1
3,2,5/27/14,4651,587,1,0,0,1,1
3,3,5/28/14,4925,619,1,0,0,1,1
3,4,5/29/14,0,0,0,0,0,1,1
3,5,5/30/14,8510,965,1,0,0,1,1
3,6,5/31/14,4725,514,1,0,0,1,1
3,7,6/1/14,0,0,0,0,0,1,1
3,1,6/2/14,10912,1011,1,1,0,1,1
3,2,6/3/14,9614,919,1,1,0,1,1
3,3,6/4/14,7768,812,1,1,0,1,1
3,4,6/5/14,8018,817,1,1,0,1,1
3,5,6/6/14,8015,818,1,1,0,1,1
3,6,6/7/14,4903,571,1,0,0,1,1
3,7,6/8/14,0,0,0,0,0,1,1
3,1,6/9/14,0,0,0,0,0,1,1
3,2,6/10/14,5831,731,1,0,1,1,1
3,3,6/11/14,5947,684,1,0,0,1,1
3,4,6/12/14,6889,782,1,0,0,1,1
3,5,6/13/14,6343,727,1,0,0,1,1
3,6,6/14/14,4517,475,1,0,0,1,1
3,7,6/15/14,0,0,0,0,0,1,1
3,1,6/16/14,10299,920,1,1,0,1,1
3,2,6/17/14,10249,977,1,1,0,1,1
3,3,6/18/14,9218,879,1,1,0,1,1
3,4,6/19/14,0,0,0,1,0,1,1
3,5,6/20/14,9752,962,1,1,0,1,1
3,6,6/21/14,4208,469,1,0,0,1,1
3,7,6/22/14,0,0,0,0,0,1,1
3,1,6/23/14,5182,683,1,0,0,1,1
3,2,6/24/14,5599,660,1,0,0,1,1
3,3,6/25/14,5618,705,1,0,0,1,1
3,4,6/26/14,5766,662,1,0,0,1,1
3,5,6/27/14,5162,623,1,0,0,1,1
3,6,6/28/14,5802,635,1,0,0,1,1
3,7,6/29/14,0,0,0,0,0,1,1
3,1,6/30/14,15689,1193,1,1,0,1,1
3,2,7/1/14,8373,866,1,1,0,1,1
3,3,7/2/14,8646,874,1,1,0,1,1
3,4,7/3/14,8883,920,1,1,0,1,1
3,5,7/4/14,7585,812,1,1,0,1,1
3,6,7/5/14,4763,529,1,0,0,1,1
3,7,7/6/14,0,0,0,0,0,1,1
3,1,7/7/14,6884,784,1,0,1,1,1
3,2,7/8/14,5039,609,1,0,1,1,1
3,3,7/9/14,5006,571,1,0,1,1,1
3,4,7/10/14,6701,704,1,0,1,1,1
3,5,7/11/14,6441,715,1,0,1,1,1
3,6,7/12/14,4098,435,1,0,0,1,1
3,7,7/13/14,0,0,0,0,0,1,1
3,1,7/14/14,8761,831,1,1,1,1,1
3,2,7/15/14,9153,864,1,1,1,1,1
3,3,7/16/14,8036,833,1,1,1,1,1
3,4,7/17/14,7874,808,1,1,1,1,1
3,5,7/18/14,6751,704,1,1,1,1,1
3,6,7/19/14,3251,394,1,0,0,1,1
3,7,7/20/14,0,0,0,0,0,1,1
3,1,7/21/14,5884,652,1,0,1,1,1
3,2,7/22/14,6267,675,1,0,1,1,1
3,3,7/23/14,5553,643,1,0,1,1,1
3,4,7/24/14,5139,603,1,0,1,1,1
3,5,7/25/14,4346,562,1,0,1,1,1
3,6,7/26/14,4132,449,1,0,0,1,1
3,7,7/27/14,0,0,0,0,0,1,1
3,1,7/28/14,8778,787,1,1,1,1,1
3,2,7/29/14,7497,740,1,1,1,1,1
3,3,7/30/14,8399,809,1,1,1,1,1
3,4,7/31/14,8891,877,1,1,1,1,1
3,5,8/1/14,7893,787,1,1,1,1,1
3,6,8/2/14,4157,466,1,0,0,1,1
3,7,8/3/14,0,0,0,0,0,1,1
3,1,8/4/14,9055,891,1,1,1,1,1
3,2,8/5/14,8714,868,1,1,1,1,1
3,3,8/6/14,7499,798,1,1,1,1,1
3,4,8/7/14,8010,827,1,1,1,1,1
3,5,8/8/14,6763,760,1,1,1,1,1
3,6,8/9/14,3131,408,1,0,0,1,1
3,7,8/10/14,0,0,0,0,0,1,1
3,1,8/11/14,6114,757,1,0,1,1,1
3,2,8/12/14,5431,696,1,0,1,1,1
3,3,8/13/14,6051,753,1,0,1,1,1
3,4,8/14/14,5668,702,1,0,1,1,1
3,5,8/15/14,5156,677,1,0,1,1,1
3,6,8/16/14,3216,404,1,0,0,1,1
3,7,8/17/14,0,0,0,0,0,1,1
3,1,8/18/14,9258,888,1,1,1,1,1
3,2,8/19/14,8854,884,1,1,1,1,1
3,3,8/20/14,7661,839,1,1,0,1,1
3,4,8/21/14,6933,768,1,1,0,1,1
3,5,8/22/14,6610,752,1,1,0,1,1
3,6,8/23/14,3698,457,1,0,0,1,1
3,7,8/24/14,0,0,0,0,0,1,1
3,1,8/25/14,5393,703,1,0,0,1,1
3,2,8/26/14,5666,690,1,0,0,1,1
3,3,8/27/14,5055,658,1,0,0,1,1
3,4,8/28/14,5452,714,1,0,0,1,1
3,5,8/29/14,6889,750,1,0,0,1,1
3,6,8/30/14,4322,475,1,0,0,1,1
3,7,8/31/14,0,0,0,0,0,1,1
3,1,9/1/14,10679,962,1,1,0,1,1
3,2,9/2/14,8989,863,1,1,0,1,1
3,3,9/3/14,8659,843,1,1,0,1,1
3,4,9/4/14,7659,796,1,1,0,1,1
3,5,9/5/14,6564,686,1,1,0,1,1
3,6,9/6/14,3562,439,1,0,0,1,1
3,7,9/7/14,0,0,0,0,0,1,1
3,1,9/8/14,6061,714,1,0,0,1,1
3,2,9/9/14,5978,732,1,0,0,1,1
3,3,9/10/14,5164,659,1,0,0,1,1
3,4,9/11/14,5389,724,1,0,0,1,1
3,5,9/12/14,5665,705,1,0,0,1,1
3,6,9/13/14,3737,439,1,0,0,1,1
3,7,9/14/14,0,0,0,0,0,1,1
3,1,9/15/14,10098,977,1,1,0,1,1
3,2,9/16/14,8607,879,1,1,0,1,1
3,3,9/17/14,8034,795,1,1,0,1,1
3,4,9/18/14,7563,775,1,1,0,1,1
3,5,9/19/14,7729,803,1,1,0,1,1
3,6,9/20/14,3574,398,1,0,0,1,1
3,7,9/21/14,0,0,0,0,0,1,1
3,1,9/22/14,4658,583,1,0,0,1,1
3,2,9/23/14,5026,696,1,0,0,1,1
3,3,9/24/14,4620,636,1,0,0,1,1
3,4,9/25/14,4575,628,1,0,0,1,1
3,5,9/26/14,4853,658,1,0,0,1,1
3,6,9/27/14,3846,431,1,0,0,1,1
3,7,9/28/14,0,0,0,0,0,1,1
3,1,9/29/14,10066,960,1,1,0,1,1
3,2,9/30/14,12260,1084,1,1,0,1,1
3,3,10/1/14,8331,851,1,1,0,1,1
3,4,10/2/14,8565,937,1,1,0,1,1
3,5,10/3/14,0,0,0,1,0,1,1
3,6,10/4/14,5420,622,1,0,0,1,1
3,7,10/5/14,0,0,0,0,0,1,1
3,1,10/6/14,10598,982,1,1,1,1,1
3,2,10/7/14,7699,742,1,1,1,1,1
3,3,10/8/14,8472,842,1,1,1,1,1
3,4,10/9/14,7206,759,1,1,1,1,1
3,5,10/10/14,7448,802,1,1,1,1,1
3,6,10/11/14,3697,420,1,0,0,1,1
3,7,10/12/14,0,0,0,0,0,1,1
3,1,10/13/14,5035,673,1,0,1,1,1
3,2,10/14/14,5114,694,1,0,1,1,1
3,3,10/15/14,5008,639,1,0,1,1,1
3,4,10/16/14,5271,652,1,0,1,1,1
3,5,10/17/14,5485,656,1,0,1,1,1
3,6,10/18/14,3367,424,1,0,0,1,1
3,7,10/19/14,0,0,0,0,0,1,1
3,1,10/20/14,8266,814,1,1,0,1,1
3,2,10/21/14,6855,700,1,1,0,1,1
3,3,10/22/14,7380,738,1,1,0,1,1
3,4,10/23/14,7177,788,1,1,0,1,1
3,5,10/24/14,6251,757,1,1,0,1,1
3,6,10/25/14,3266,421,1,0,0,1,1
3,7,10/26/14,0,0,0,0,0,1,1
3,1,10/27/14,4848,684,1,0,0,1,1
3,2,10/28/14,4745,636,1,0,0,1,1
3,3,10/29/14,4716,597,1,0,0,1,1
3,4,10/30/14,5357,711,1,0,0,1,1
3,5,10/31/14,6788,823,1,0,0,1,1
3,6,11/1/14,0,0,0,0,0,1,1
3,7,11/2/14,0,0,0,0,0,1,1
3,1,11/3/14,10855,1005,1,1,0,1,1
3,2,11/4/14,9863,940,1,1,0,1,1
3,3,11/5/14,9172,892,1,1,0,1,1
3,4,11/6/14,8072,832,1,1,0,1,1
3,5,11/7/14,8091,840,1,1,0,1,1
3,6,11/8/14,4055,477,1,0,0,1,1
3,7,11/9/14,0,0,0,0,0,1,1
3,1,11/10/14,8533,831,1,1,0,1,1
3,2,11/11/14,8708,879,1,1,0,1,1
3,3,11/12/14,7839,809,1,1,0,1,1
3,4,11/13/14,7560,800,1,1,0,1,1
3,5,11/14/14,7836,778,1,1,0,1,1
3,6,11/15/14,4397,515,1,0,0,1,1
3,7,11/16/14,0,0,0,0,0,1,1
3,1,11/17/14,5935,718,1,0,0,1,1
3,2,11/18/14,5195,659,1,0,0,1,1
3,3,11/19/14,5490,684,1,0,0,1,1
3,4,11/20/14,6019,734,1,0,0,1,1
3,5,11/21/14,5865,737,1,0,0,1,1
3,6,11/22/14,3989,467,1,0,0,1,1
3,7,11/23/14,0,0,0,0,0,1,1
3,1,11/24/14,8886,855,1,1,0,1,1
3,2,11/25/14,8577,875,1,1,0,1,1
3,3,11/26/14,8397,837,1,1,0,1,1
3,4,11/27/14,8508,896,1,1,0,1,1
3,5,11/28/14,9700,953,1,1,0,1,1
3,6,11/29/14,6702,723,1,0,0,1,1
3,7,11/30/14,0,0,0,0,0,1,1
3,1,12/1/14,10369,962,1,1,0,1,1
3,2,12/2/14,9044,932,1,1,0,1,1
3,3,12/3/14,9694,962,1,1,0,1,1
3,4,12/4/14,8766,935,1,1,0,1,1
3,5,12/5/14,10190,1096,1,1,0,1,1
3,6,12/6/14,7669,947,1,0,0,1,1
3,7,12/7/14,0,0,0,0,0,1,1
3,1,12/8/14,5792,738,1,0,0,1,1
3,2,12/9/14,6446,785,1,0,0,1,1
3,3,12/10/14,5256,635,1,0,0,1,1
3,4,12/11/14,6363,723,1,0,0,1,1
3,5,12/12/14,5481,604,1,0,0,1,1
3,6,12/13/14,6621,775,1,0,0,1,1
3,7,12/14/14,0,0,0,0,0,1,1
3,1,12/15/14,13472,1115,1,1,0,1,1
3,2,12/16/14,13072,1204,1,1,0,1,1
3,3,12/17/14,10510,917,1,1,0,1,1
3,4,12/18/14,11617,1121,1,1,0,1,1
3,5,12/19/14,9598,957,1,1,0,1,1
3,6,12/20/14,8094,839,1,0,0,1,1
3,7,12/21/14,0,0,0,0,0,1,1
3,1,12/22/14,11282,1209,1,0,1,1,1
3,2,12/23/14,12121,1352,1,0,1,1,1
3,3,12/24/14,4310,582,1,0,1,1,1
3,4,12/25/14,0,0,0,0,1,1,1
3,5,12/26/14,0,0,0,0,1,1,1
3,6,12/27/14,4825,569,1,0,0,1,1
3,7,12/28/14,0,0,0,0,0,1,1
3,1,12/29/14,8788,941,1,0,1,1,1
3,2,12/30/14,8376,957,1,0,1,1,1
3,3,12/31/14,3804,408,1,0,1,1,1
3,4,1/1/15,0,0,0,0,1,1,1
3,5,1/2/15,5523,698,1,0,1,1,1
3,6,1/3/15,4299,507,1,0,0,1,1
3,7,1/4/15,0,0,0,0,0,1,1
3,1,1/5/15,10684,946,1,1,1,1,1
3,2,1/6/15,8739,869,1,1,1,1,1
3,3,1/7/15,7253,754,1,1,0,1,1
3,4,1/8/15,6300,684,1,1,0,1,1
3,5,1/9/15,7719,733,1,1,0,1,1
3,6,1/10/15,3373,391,1,0,0,1,1
3,7,1/11/15,0,0,0,0,0,1,1
3,1,1/12/15,8209,814,1,1,0,1,1
3,2,1/13/15,7464,717,1,1,0,1,1
3,3,1/14/15,7417,746,1,1,0,1,1
3,4,1/15/15,6578,721,1,1,0,1,1
3,5,1/16/15,8497,865,1,1,0,1,1
3,6,1/17/15,4610,492,1,0,0,1,1
3,7,1/18/15,0,0,0,0,0,1,1
3,1,1/19/15,5420,703,1,0,0,1,1
3,2,1/20/15,4848,645,1,0,0,1,1
3,3,1/21/15,5024,651,1,0,0,1,1
3,4,1/22/15,4677,595,1,0,0,1,1
3,5,1/23/15,5701,672,1,0,0,1,1
3,6,1/24/15,3452,381,1,0,0,1,1
3,7,1/25/15,0,0,0,0,0,1,1
3,1,1/26/15,8055,765,1,1,0,1,1
3,2,1/27/15,8292,893,1,1,0,1,1
3,3,1/28/15,6883,722,1,1,0,1,1
3,4,1/29/15,7485,738,1,1,0,1,1
3,5,1/30/15,6911,678,1,1,0,1,1
3,6,1/31/15,4382,484,1,0,0,1,1
3,7,2/1/15,0,0,0,0,0,1,1
3,1,2/2/15,9922,951,1,1,0,1,1
3,2,2/3/15,8950,895,1,1,0,1,1
3,3,2/4/15,8155,816,1,1,0,1,1
3,4,2/5/15,7195,796,1,1,0,1,1
3,5,2/6/15,7920,811,1,1,0,1,1
3,6,2/7/15,4781,549,1,0,0,1,1
3,7,2/8/15,0,0,0,0,0,1,1
3,1,2/9/15,5027,643,1,0,0,1,1
3,2,2/10/15,5333,685,1,0,0,1,1
3,3,2/11/15,6116,710,1,0,0,1,1
3,4,2/12/15,5179,666,1,0,0,1,1
3,5,2/13/15,6018,765,1,0,0,1,1
3,6,2/14/15,4221,498,1,0,0,1,1
3,7,2/15/15,0,0,0,0,0,1,1
3,1,2/16/15,9914,934,1,1,0,1,1
3,2,2/17/15,7895,789,1,1,0,1,1
3,3,2/18/15,7862,784,1,1,0,1,1
3,4,2/19/15,7248,791,1,1,0,1,1
3,5,2/20/15,7204,742,1,1,0,1,1
3,6,2/21/15,3419,396,1,0,0,1,1
3,7,2/22/15,0,0,0,0,0,1,1
3,1,2/23/15,5354,645,1,0,0,1,1
3,2,2/24/15,4982,669,1,0,0,1,1
3,3,2/25/15,4650,629,1,0,0,1,1
3,4,2/26/15,5978,719,1,0,0,1,1
3,5,2/27/15,5640,693,1,0,0,1,1
3,6,2/28/15,4574,482,1,0,0,1,1
3,7,3/1/15,0,0,0,0,0,1,1
3,1,3/2/15,10970,974,1,1,0,1,1
3,2,3/3/15,8615,817,1,1,0,1,1
3,3,3/4/15,7651,768,1,1,0,1,1
3,4,3/5/15,7784,833,1,1,0,1,1
3,5,3/6/15,8057,829,1,1,0,1,1
3,6,3/7/15,4525,544,1,0,0,1,1
3,7,3/8/15,0,0,0,0,0,1,1
3,1,3/9/15,5430,673,1,0,0,1,1
3,2,3/10/15,5223,677,1,0,0,1,1
3,3,3/11/15,5302,651,1,0,0,1,1
3,4,3/12/15,5725,693,1,0,0,1,1
3,5,3/13/15,5831,688,1,0,0,1,1
3,6,3/14/15,4189,464,1,0,0,1,1
3,7,3/15/15,0,0,0,0,0,1,1
3,1,3/16/15,8998,869,1,1,0,1,1
3,2,3/17/15,8154,857,1,1,0,1,1
3,3,3/18/15,8626,839,1,1,0,1,1
3,4,3/19/15,6947,760,1,1,0,1,1
3,5,3/20/15,6971,724,1,1,0,1,1
3,6,3/21/15,3494,399,1,0,0,1,1
3,7,3/22/15,0,0,0,0,0,1,1
3,1,3/23/15,5400,668,1,0,0,1,1
3,2,3/24/15,5256,670,1,0,0,1,1
3,3,3/25/15,5538,679,1,0,0,1,1
3,4,3/26/15,6105,695,1,0,0,1,1
3,5,3/27/15,5216,625,1,0,0,1,1
3,6,3/28/15,4247,464,1,0,0,1,1
3,7,3/29/15,0,0,0,0,0,1,1
3,1,3/30/15,11282,933,1,1,1,1,1
3,2,3/31/15,11299,862,1,1,1,1,1
3,3,4/1/15,8546,853,1,1,1,1,1
3,4,4/2/15,8716,920,1,1,1,1,1
3,5,4/3/15,0,0,0,1,1,1,1
3,6,4/4/15,7123,778,1,0,0,1,1
3,7,4/5/15,0,0,0,0,0,1,1
3,1,4/6/15,0,0,0,0,1,1,1
3,2,4/7/15,6830,814,1,0,1,1,1
3,3,4/8/15,6253,722,1,0,1,1,1
3,4,4/9/15,6185,753,1,0,1,1,1
3,5,4/10/15,6343,716,1,0,1,1,1
3,6,4/11/15,4008,432,1,0,0,1,1
3,7,4/12/15,0,0,0,0,0,1,1
3,1,4/13/15,9563,842,1,1,0,1,1
3,2,4/14/15,9274,904,1,1,0,1,1
3,3,4/15/15,8651,851,1,1,0,1,1
3,4,4/16/15,8336,828,1,1,0,1,1
3,5,4/17/15,7735,824,1,1,0,1,1
3,6,4/18/15,3772,457,1,0,0,1,1
3,7,4/19/15,0,0,0,0,0,1,1
3,1,4/20/15,5238,661,1,0,0,1,1
3,2,4/21/15,5756,678,1,0,0,1,1
3,3,4/22/15,5875,685,1,0,0,1,1
3,4,4/23/15,5570,677,1,0,0,1,1
3,5,4/24/15,5376,658,1,0,0,1,1
3,6,4/25/15,4373,473,1,0,0,1,1
3,7,4/26/15,0,0,0,0,0,1,1
3,1,4/27/15,9447,866,1,1,0,1,1
3,2,4/28/15,8758,870,1,1,0,1,1
3,3,4/29/15,9484,897,1,1,0,1,1
3,4,4/30/15,9971,979,1,1,0,1,1
3,5,5/1/15,0,0,0,1,0,1,1
3,6,5/2/15,6564,674,1,0,0,1,1
3,7,5/3/15,0,0,0,0,0,1,1
3,1,5/4/15,9488,928,1,1,0,1,1
3,2,5/5/15,8719,818,1,1,0,1,1
3,3,5/6/15,9046,877,1,1,0,1,1
3,4,5/7/15,7705,800,1,1,0,1,1
3,5,5/8/15,9083,891,1,1,0,1,1
3,6,5/9/15,6024,743,1,0,0,1,1
3,7,5/10/15,0,0,0,0,0,1,1
3,1,5/11/15,5797,714,1,0,0,1,1
3,2,5/12/15,6043,707,1,0,0,1,1
3,3,5/13/15,7003,772,1,0,0,1,1
3,4,5/14/15,0,0,0,0,0,1,1
3,5,5/15/15,7515,865,1,0,0,1,1
3,6,5/16/15,4149,464,1,0,0,1,1
3,7,5/17/15,0,0,0,0,0,1,1
3,1,5/18/15,10040,919,1,1,0,1,1
3,2,5/19/15,8728,871,1,1,0,1,1
3,3,5/20/15,8226,798,1,1,0,1,1
3,4,5/21/15,7682,776,1,1,0,1,1
3,5,5/22/15,7349,769,1,1,0,1,1
3,6,5/23/15,4613,485,1,0,0,1,1
3,7,5/24/15,0,0,0,0,0,1,1
3,1,5/25/15,0,0,0,0,0,1,1
3,2,5/26/15,6443,738,1,0,1,1,1
3,3,5/27/15,5589,644,1,0,0,1,1
3,4,5/28/15,6475,677,1,0,0,1,1
3,5,5/29/15,7421,793,1,0,0,1,1
3,6,5/30/15,4542,458,1,0,0,1,1
3,7,5/31/15,0,0,0,0,0,1,1
3,1,6/1/15,11594,1012,1,1,0,1,1
3,2,6/2/15,10455,978,1,1,0,1,1
3,3,6/3/15,9590,918,1,1,0,1,1
3,4,6/4/15,0,0,0,1,0,1,1
3,5,6/5/15,9685,935,1,1,0,1,1
3,6,6/6/15,4622,539,1,0,0,1,1
3,7,6/7/15,0,0,0,0,0,1,1
3,1,6/8/15,6567,766,1,0,0,1,1
3,2,6/9/15,7127,772,1,0,0,1,1
3,3,6/10/15,6440,719,1,0,0,1,1
3,4,6/11/15,5656,699,1,0,0,1,1
3,5,6/12/15,6181,681,1,0,0,1,1
3,6,6/13/15,4687,492,1,0,0,1,1
3,7,6/14/15,0,0,0,0,0,1,1
3,1,6/15/15,10818,955,1,1,0,1,1
3,2,6/16/15,9780,911,1,1,0,1,1
3,3,6/17/15,8524,821,1,1,0,1,1
3,4,6/18/15,7537,743,1,1,0,1,1
3,5,6/19/15,8074,797,1,1,0,1,1
3,6,6/20/15,3891,424,1,0,0,1,1
3,7,6/21/15,0,0,0,0,0,1,1
3,1,6/22/15,5840,638,1,0,0,1,1
3,2,6/23/15,6757,779,1,0,0,1,1
3,3,6/24/15,5448,633,1,0,0,1,1
3,4,6/25/15,5763,693,1,0,0,1,1
3,5,6/26/15,6222,698,1,0,0,1,1
3,6,6/27/15,5156,641,1,0,0,1,1
3,7,6/28/15,0,0,0,0,0,1,1
3,1,6/29/15,10243,817,1,1,1,1,1
3,2,6/30/15,13261,1072,1,1,1,1,1
3,3,7/1/15,8311,772,1,1,1,1,1
3,4,7/2/15,7450,701,1,1,1,1,1
3,5,7/3/15,8149,742,1,1,1,1,1
3,6,7/4/15,4482,456,1,0,0,1,1
3,7,7/5/15,0,0,0,0,0,1,1
3,1,7/6/15,6736,734,1,0,1,1,1
3,2,7/7/15,6180,657,1,0,1,1,1
3,3,7/8/15,6347,680,1,0,1,1,1
3,4,7/9/15,6613,691,1,0,1,1,1
3,5,7/10/15,6316,689,1,0,1,1,1
3,6,7/11/15,4011,409,1,0,0,1,1
3,7,7/12/15,0,0,0,0,0,1,1
3,1,7/13/15,9462,812,1,1,1,1,1
3,2,7/14/15,8625,769,1,1,1,1,1
3,3,7/15/15,8663,865,1,1,1,1,1
3,4,7/16/15,7909,812,1,1,1,1,1
3,5,7/17/15,6679,673,1,1,1,1,1
3,6,7/18/15,4258,417,1,0,0,1,1
3,7,7/19/15,0,0,0,0,0,1,1
3,1,7/20/15,5798,671,1,0,1,1,1
3,2,7/21/15,5600,661,1,0,1,1,1
3,3,7/22/15,5414,607,1,0,1,1,1
3,4,7/23/15,5702,655,1,0,1,1,1
3,5,7/24/15,5080,607,1,0,1,1,1
3,6,7/25/15,3878,412,1,0,0,1,1
3,7,7/26/15,0,0,0,0,0,1,1
3,1,7/27/15,8107,768,1,1,1,1,1
3,2,7/28/15,8864,818,1,1,1,1,1
3,3,7/29/15,7610,716,1,1,1,1,1
3,4,7/30/15,8977,823,1,1,1,1,1
3,5,7/31/15,8314,821,1,1,1,1,1
4,2,1/1/13,0,0,0,0,1,1,0
4,3,1/2/13,9941,1429,1,0,1,1,0
4,4,1/3/13,8247,1248,1,0,1,1,0
4,5,1/4/13,8290,1232,1,0,1,1,0
4,6,1/5/13,10338,1514,1,0,0,1,0
4,7,1/6/13,0,0,0,0,0,1,0
4,1,1/7/13,12112,1562,1,1,0,1,0
4,2,1/8/13,10031,1325,1,1,0,1,0
4,3,1/9/13,8857,1215,1,1,0,1,0
4,4,1/10/13,9472,1285,1,1,0,1,0
4,5,1/11/13,10512,1412,1,1,0,1,0
4,6,1/12/13,9719,1461,1,0,0,1,0
4,7,1/13/13,0,0,0,0,0,1,0
4,1,1/14/13,7794,1222,1,0,0,1,0
4,2,1/15/13,7121,1074,1,0,0,1,0
4,3,1/16/13,6537,1061,1,0,0,1,0
4,4,1/17/13,7088,1090,1,0,0,1,0
4,5,1/18/13,7857,1153,1,0,0,1,0
4,6,1/19/13,9455,1427,1,0,0,1,0
4,7,1/20/13,0,0,0,0,0,1,0
4,1,1/21/13,11667,1556,1,1,0,1,0
4,2,1/22/13,9977,1323,1,1,0,1,0
4,3,1/23/13,9236,1207,1,1,0,1,0
4,4,1/24/13,8516,1203,1,1,0,1,0
4,5,1/25/13,9730,1409,1,1,0,1,0
4,6,1/26/13,9323,1326,1,0,0,1,0
4,7,1/27/13,0,0,0,0,0,1,0
4,1,1/28/13,7374,1120,1,0,0,1,0
4,2,1/29/13,7559,1116,1,0,0,1,0
4,3,1/30/13,7601,1065,1,0,0,1,0
4,4,1/31/13,10359,1355,1,0,0,1,0
4,5,2/1/13,9332,1363,1,0,0,1,0
4,6,2/2/13,11123,1524,1,0,0,1,0
4,7,2/3/13,0,0,0,0,0,1,0
4,1,2/4/13,13937,1750,1,1,1,1,0
4,2,2/5/13,11353,1489,1,1,1,1,0
4,3,2/6/13,10095,1411,1,1,1,1,0
4,4,2/7/13,10162,1379,1,1,1,1,0
4,5,2/8/13,9965,1380,1,1,1,1,0
4,6,2/9/13,10095,1480,1,0,0,1,0
4,7,2/10/13,0,0,0,0,0,1,0
4,1,2/11/13,8907,1386,1,0,0,1,0
4,2,2/12/13,7800,1199,1,0,0,1,0
4,3,2/13/13,7983,1193,1,0,0,1,0
4,4,2/14/13,8239,1219,1,0,0,1,0
4,5,2/15/13,7993,1147,1,0,0,1,0
4,6,2/16/13,9757,1432,1,0,0,1,0
4,7,2/17/13,0,0,0,0,0,1,0
4,1,2/18/13,13163,1660,1,1,0,1,0
4,2,2/19/13,9719,1295,1,1,0,1,0
4,3,2/20/13,8906,1197,1,1,0,1,0
4,4,2/21/13,9303,1262,1,1,0,1,0
4,5,2/22/13,10623,1415,1,1,0,1,0
4,6,2/23/13,9708,1436,1,0,0,1,0
4,7,2/24/13,0,0,0,0,0,1,0
4,1,2/25/13,7158,1143,1,0,0,1,0
4,2,2/26/13,7199,1113,1,0,0,1,0
4,3,2/27/13,7256,1082,1,0,0,1,0
4,4,2/28/13,10697,1429,1,0,0,1,0
4,5,3/1/13,9873,1380,1,0,0,1,0
4,6,3/2/13,10541,1557,1,0,0,1,0
4,7,3/3/13,0,0,0,0,0,1,0
4,1,3/4/13,13382,1658,1,1,0,1,0
4,2,3/5/13,9844,1397,1,1,0,1,0
4,3,3/6/13,9357,1338,1,1,0,1,0
4,4,3/7/13,9190,1322,1,1,0,1,0
4,5,3/8/13,10245,1440,1,1,0,1,0
4,6,3/9/13,9936,1479,1,0,0,1,0
4,7,3/10/13,0,0,0,0,0,1,0
4,1,3/11/13,8395,1301,1,0,0,1,0
4,2,3/12/13,7676,1150,1,0,0,1,0
4,3,3/13/13,7522,1167,1,0,0,1,0
4,4,3/14/13,7112,1122,1,0,0,1,0
4,5,3/15/13,7849,1145,1,0,0,1,0
4,6,3/16/13,9446,1520,1,0,0,1,0
4,7,3/17/13,0,0,0,0,0,1,0
4,1,3/18/13,11643,1550,1,1,0,1,0
4,2,3/19/13,10301,1393,1,1,0,1,0
4,3,3/20/13,9149,1307,1,1,0,1,0
4,4,3/21/13,9466,1314,1,1,0,1,0
4,5,3/22/13,10190,1449,1,1,0,1,0
4,6,3/23/13,9875,1455,1,0,0,1,0
4,7,3/24/13,0,0,0,0,0,1,0
4,1,3/25/13,11548,1599,1,1,1,1,0
4,2,3/26/13,10381,1417,1,1,1,1,0
4,3,3/27/13,11014,1491,1,1,1,1,0
4,4,3/28/13,16910,2096,1,1,1,1,0
4,5,3/29/13,0,0,0,1,1,1,0
4,6,3/30/13,14669,2077,1,0,0,1,0
4,7,3/31/13,0,0,0,0,0,1,0
4,1,4/1/13,0,0,0,0,1,1,0
4,2,4/2/13,11522,1578,1,0,1,1,0
4,3,4/3/13,8922,1263,1,0,1,1,0
4,4,4/4/13,8692,1208,1,0,1,1,0
4,5,4/5/13,8264,1220,1,0,1,1,0
4,6,4/6/13,9985,1418,1,0,0,1,0
4,7,4/7/13,0,0,0,0,0,1,0
4,1,4/8/13,10943,1562,1,1,0,1,0
4,2,4/9/13,9238,1294,1,1,0,1,0
4,3,4/10/13,8798,1196,1,1,0,1,0
4,4,4/11/13,8764,1270,1,1,0,1,0
4,5,4/12/13,9492,1389,1,1,0,1,0
4,6,4/13/13,9901,1415,1,0,0,1,0
4,7,4/14/13,0,0,0,0,0,1,0
4,1,4/15/13,7181,1142,1,0,0,1,0
4,2,4/16/13,6559,993,1,0,0,1,0
4,3,4/17/13,6154,992,1,0,0,1,0
4,4,4/18/13,6390,1010,1,0,0,1,0
4,5,4/19/13,7287,1123,1,0,0,1,0
4,6,4/20/13,8749,1328,1,0,0,1,0
4,7,4/21/13,0,0,0,0,0,1,0
4,1,4/22/13,11138,1452,1,1,0,1,0
4,2,4/23/13,9166,1251,1,1,0,1,0
4,3,4/24/13,7496,1110,1,1,0,1,0
4,4,4/25/13,7985,1134,1,1,0,1,0
4,5,4/26/13,8593,1242,1,1,0,1,0
4,6,4/27/13,9752,1397,1,0,0,1,0
4,7,4/28/13,0,0,0,0,0,1,0
4,1,4/29/13,11140,1437,1,1,0,1,0
4,2,4/30/13,14870,1773,1,1,0,1,0
4,3,5/1/13,0,0,0,1,0,1,0
4,4,5/2/13,12976,1632,1,1,0,1,0
4,5,5/3/13,11335,1492,1,1,0,1,0
4,6,5/4/13,9713,1368,1,0,0,1,0
4,7,5/5/13,0,0,0,0,0,1,0
4,1,5/6/13,7915,1235,1,0,0,1,0
4,2,5/7/13,8175,1139,1,0,0,1,0
4,3,5/8/13,9078,1316,1,0,0,1,0
4,4,5/9/13,0,0,0,0,0,1,0
4,5,5/10/13,10624,1492,1,0,1,1,0
4,6,5/11/13,10399,1461,1,0,0,1,0
4,7,5/12/13,0,0,0,0,0,1,0
4,1,5/13/13,12178,1559,1,1,0,1,0
4,2,5/14/13,10091,1302,1,1,0,1,0
4,3,5/15/13,9446,1218,1,1,0,1,0
4,4,5/16/13,8839,1193,1,1,0,1,0
4,5,5/17/13,9049,1252,1,1,0,1,0
4,6,5/18/13,10853,1554,1,0,0,1,0
4,7,5/19/13,0,0,0,0,0,1,0
4,1,5/20/13,0,0,0,0,0,1,0
4,2,5/21/13,9778,1347,1,0,1,1,0
4,3,5/22/13,7456,1121,1,0,0,1,0
4,4,5/23/13,7078,1098,1,0,0,1,0
4,5,5/24/13,7737,1101,1,0,0,1,0
4,6,5/25/13,9971,1413,1,0,0,1,0
4,7,5/26/13,0,0,0,0,0,1,0
4,1,5/27/13,11293,1490,1,1,0,1,0
4,2,5/28/13,9804,1263,1,1,0,1,0
4,3,5/29/13,9457,1263,1,1,0,1,0
4,4,5/30/13,8975,1205,1,1,0,1,0
4,5,5/31/13,13064,1639,1,1,0,1,0
4,6,6/1/13,11592,1554,1,0,0,1,0
4,7,6/2/13,0,0,0,0,0,1,0
4,1,6/3/13,13444,1626,1,1,0,1,0
4,2,6/4/13,10584,1379,1,1,0,1,0
4,3,6/5/13,9537,1252,1,1,0,1,0
4,4,6/6/13,8695,1233,1,1,0,1,0
4,5,6/7/13,9561,1279,1,1,0,1,0
4,6,6/8/13,8419,1222,1,0,0,1,0
4,7,6/9/13,0,0,0,0,0,1,0
4,1,6/10/13,8917,1243,1,0,0,1,0
4,2,6/11/13,7557,1015,1,0,0,1,0
4,3,6/12/13,7179,1061,1,0,0,1,0
4,4,6/13/13,7680,1086,1,0,0,1,0
4,5,6/14/13,8291,1167,1,0,0,1,0
4,6,6/15/13,9774,1398,1,0,0,1,0
4,7,6/16/13,0,0,0,0,0,1,0
4,1,6/17/13,13108,1584,1,1,0,1,0
4,2,6/18/13,9796,1253,1,1,0,1,0
4,3,6/19/13,9357,1208,1,1,1,1,0
4,4,6/20/13,9545,1263,1,1,1,1,0
4,5,6/21/13,9438,1237,1,1,1,1,0
4,6,6/22/13,8773,1226,1,0,0,1,0
4,7,6/23/13,0,0,0,0,0,1,0
4,1,6/24/13,9187,1271,1,0,1,1,0
4,2,6/25/13,8429,1123,1,0,1,1,0
4,3,6/26/13,8218,1126,1,0,1,1,0
4,4,6/27/13,8181,1111,1,0,1,1,0
4,5,6/28/13,9674,1270,1,0,1,1,0
4,6,6/29/13,10291,1347,1,0,0,1,0
4,7,6/30/13,0,0,0,0,0,1,0
4,1,7/1/13,13203,1613,1,1,1,1,0
4,2,7/2/13,9650,1336,1,1,1,1,0
4,3,7/3/13,9089,1225,1,1,1,1,0
4,4,7/4/13,8899,1306,1,1,1,1,0
4,5,7/5/13,8419,1198,1,1,1,1,0
4,6,7/6/13,7924,1167,1,0,0,1,0
4,7,7/7/13,0,0,0,0,0,1,0
4,1,7/8/13,7976,1152,1,0,1,1,0
4,2,7/9/13,6554,970,1,0,1,1,0
4,3,7/10/13,6519,941,1,0,1,1,0
4,4,7/11/13,6653,984,1,0,1,1,0
4,5,7/12/13,7137,1019,1,0,1,1,0
4,6,7/13/13,7531,1084,1,0,0,1,0
4,7,7/14/13,0,0,0,0,0,1,0
4,1,7/15/13,11658,1568,1,1,1,1,0
4,2,7/16/13,9349,1262,1,1,1,1,0
4,3,7/17/13,8611,1150,1,1,1,1,0
4,4,7/18/13,8088,1139,1,1,1,1,0
4,5,7/19/13,8236,1215,1,1,1,1,0
4,6,7/20/13,7589,1106,1,0,0,1,0
4,7,7/21/13,0,0,0,0,0,1,0
4,1,7/22/13,7070,1043,1,0,1,1,0
4,2,7/23/13,5869,908,1,0,1,1,0
4,3,7/24/13,6350,965,1,0,1,1,0
4,4,7/25/13,6893,973,1,0,1,1,0
4,5,7/26/13,6436,963,1,0,1,1,0
4,6,7/27/13,7118,1026,1,0,0,1,0
4,7,7/28/13,0,0,0,0,0,1,0
4,1,7/29/13,11092,1496,1,1,1,1,0
4,2,7/30/13,10780,1442,1,1,1,1,0
4,3,7/31/13,13403,1657,1,1,1,1,0
4,4,8/1/13,10622,1417,1,1,1,1,0
4,5,8/2/13,10075,1362,1,1,1,1,0
4,6,8/3/13,8898,1281,1,0,0,1,0
4,7,8/4/13,0,0,0,0,0,1,0
4,1,8/5/13,9408,1356,1,0,0,1,0
4,2,8/6/13,7559,1188,1,0,0,1,0
4,3,8/7/13,7156,1137,1,0,0,1,0
4,4,8/8/13,7481,1169,1,0,0,1,0
4,5,8/9/13,7842,1165,1,0,0,1,0
4,6,8/10/13,9149,1379,1,0,0,1,0
4,7,8/11/13,0,0,0,0,0,1,0
4,1,8/12/13,11913,1660,1,1,0,1,0
4,2,8/13/13,10673,1505,1,1,0,1,0
4,3,8/14/13,10063,1403,1,1,0,1,0
4,4,8/15/13,8712,1293,1,1,0,1,0
4,5,8/16/13,9338,1322,1,1,0,1,0
4,6,8/17/13,8244,1272,1,0,0,1,0
4,7,8/18/13,0,0,0,0,0,1,0
4,1,8/19/13,8709,1276,1,0,0,1,0
4,2,8/20/13,6887,1089,1,0,0,1,0
4,3,8/21/13,6617,1015,1,0,0,1,0
4,4,8/22/13,6866,1020,1,0,0,1,0
4,5,8/23/13,6562,1029,1,0,0,1,0
4,6,8/24/13,8107,1214,1,0,0,1,0
4,7,8/25/13,0,0,0,0,0,1,0
4,1,8/26/13,10157,1479,1,1,0,1,0
4,2,8/27/13,8147,1150,1,1,0,1,0
4,3,8/28/13,8351,1140,1,1,0,1,0
4,4,8/29/13,8283,1205,1,1,0,1,0
4,5,8/30/13,11704,1516,1,1,0,1,0
4,6,8/31/13,10740,1502,1,0,0,1,0
4,7,9/1/13,0,0,0,0,0,1,0
4,1,9/2/13,9030,1257,1,0,0,1,0
4,2,9/3/13,7646,1131,1,0,0,1,0
4,3,9/4/13,8203,1146,1,0,0,1,0
4,4,9/5/13,6803,1050,1,0,0,1,0
4,5,9/6/13,6979,1057,1,0,0,1,0
4,6,9/7/13,8461,1314,1,0,0,1,0
4,7,9/8/13,0,0,0,0,0,1,0
4,1,9/9/13,11987,1505,1,1,0,1,0
4,2,9/10/13,10610,1398,1,1,0,1,0
4,3,9/11/13,9365,1313,1,1,0,1,0
4,4,9/12/13,10257,1303,1,1,0,1,0
4,5,9/13/13,10197,1356,1,1,0,1,0
4,6,9/14/13,9177,1350,1,0,0,1,0
4,7,9/15/13,0,0,0,0,0,1,0
4,1,9/16/13,7911,1184,1,0,0,1,0
4,2,9/17/13,7248,1073,1,0,0,1,0
4,3,9/18/13,6701,1048,1,0,0,1,0
4,4,9/19/13,7017,1011,1,0,0,1,0
4,5,9/20/13,7047,1026,1,0,0,1,0
4,6,9/21/13,8631,1336,1,0,0,1,0
4,7,9/22/13,0,0,0,0,0,1,0
4,1,9/23/13,9908,1341,1,1,0,1,0
4,2,9/24/13,8701,1202,1,1,0,1,0
4,3,9/25/13,9053,1235,1,1,0,1,0
4,4,9/26/13,8447,1214,1,1,0,1,0
4,5,9/27/13,9621,1300,1,1,0,1,0
4,6,9/28/13,9274,1332,1,0,0,1,0
4,7,9/29/13,0,0,0,0,0,1,0
4,1,9/30/13,11276,1558,1,0,1,1,0
4,2,10/1/13,9255,1283,1,0,1,1,0
4,3,10/2/13,10077,1410,1,0,1,1,0
4,4,10/3/13,0,0,0,0,1,1,0
4,5,10/4/13,10204,1454,1,0,1,1,0
4,6,10/5/13,8938,1352,1,0,0,1,0
4,7,10/6/13,0,0,0,0,0,1,0
4,1,10/7/13,12159,1600,1,1,1,1,0
4,2,10/8/13,9872,1354,1,1,1,1,0
4,3,10/9/13,8963,1316,1,1,1,1,0
4,4,10/10/13,9118,1300,1,1,1,1,0
4,5,10/11/13,10062,1383,1,1,1,1,0
4,6,10/12/13,9716,1423,1,0,0,1,0
4,7,10/13/13,0,0,0,0,0,1,0
4,1,10/14/13,7237,1165,1,0,0,1,0
4,2,10/15/13,7001,1032,1,0,0,1,0
4,3,10/16/13,6657,1001,1,0,0,1,0
4,4,10/17/13,6259,1023,1,0,0,1,0
4,5,10/18/13,6592,1098,1,0,0,1,0
4,6,10/19/13,9356,1308,1,0,0,1,0
4,7,10/20/13,0,0,0,0,0,1,0
4,1,10/21/13,10284,1325,1,1,0,1,0
4,2,10/22/13,8418,1236,1,1,0,1,0
4,3,10/23/13,7966,1117,1,1,0,1,0
4,4,10/24/13,7618,1118,1,1,0,1,0
4,5,10/25/13,8808,1237,1,1,0,1,0
4,6,10/26/13,9088,1342,1,0,0,1,0
4,7,10/27/13,0,0,0,0,0,1,0
4,1,10/28/13,7645,1146,1,0,0,1,0
4,2,10/29/13,6719,1016,1,0,0,1,0
4,3,10/30/13,7800,1147,1,0,0,1,0
4,4,10/31/13,9091,1301,1,0,0,1,0
4,5,11/1/13,8792,1316,1,0,0,1,0
4,6,11/2/13,10519,1459,1,0,0,1,0
4,7,11/3/13,0,0,0,0,0,1,0
4,1,11/4/13,10203,1427,1,1,0,1,0
4,2,11/5/13,9616,1323,1,1,0,1,0
4,3,11/6/13,9236,1263,1,1,0,1,0
4,4,11/7/13,8572,1182,1,1,0,1,0
4,5,11/8/13,9997,1412,1,1,0,1,0
4,6,11/9/13,10373,1479,1,0,0,1,0
4,7,11/10/13,0,0,0,0,0,1,0
4,1,11/11/13,8241,1213,1,0,0,1,0
4,2,11/12/13,7179,1061,1,0,0,1,0
4,3,11/13/13,7263,1057,1,0,0,1,0
4,4,11/14/13,6856,1030,1,0,0,1,0
4,5,11/15/13,7627,1167,1,0,0,1,0
4,6,11/16/13,10157,1454,1,0,0,1,0
4,7,11/17/13,0,0,0,0,0,1,0
4,1,11/18/13,11331,1495,1,1,0,1,0
4,2,11/19/13,9133,1248,1,1,0,1,0
4,3,11/20/13,9280,1280,1,1,0,1,0
4,4,11/21/13,9256,1254,1,1,0,1,0
4,5,11/22/13,9071,1333,1,1,0,1,0
4,6,11/23/13,9394,1389,1,0,0,1,0
4,7,11/24/13,0,0,0,0,0,1,0
4,1,11/25/13,8569,1247,1,0,0,1,0
4,2,11/26/13,7805,1118,1,0,0,1,0
4,3,11/27/13,7809,1102,1,0,0,1,0
4,4,11/28/13,7875,1156,1,0,0,1,0
4,5,11/29/13,11390,1484,1,0,0,1,0
4,6,11/30/13,13394,1826,1,0,0,1,0
4,7,12/1/13,0,0,0,0,0,1,0
4,1,12/2/13,14106,1741,1,1,0,1,0
4,2,12/3/13,12080,1563,1,1,0,1,0
4,3,12/4/13,10379,1346,1,1,0,1,0
4,4,12/5/13,12178,1558,1,1,0,1,0
4,5,12/6/13,10597,1434,1,1,0,1,0
4,6,12/7/13,10544,1526,1,0,0,1,0
4,7,12/8/13,0,0,0,0,0,1,0
4,1,12/9/13,8907,1316,1,0,0,1,0
4,2,12/10/13,8150,1220,1,0,0,1,0
4,3,12/11/13,8480,1176,1,0,0,1,0
4,4,12/12/13,8463,1269,1,0,0,1,0
4,5,12/13/13,8689,1268,1,0,0,1,0
4,6,12/14/13,12110,1643,1,0,0,1,0
4,7,12/15/13,0,0,0,0,0,1,0
4,1,12/16/13,16843,1970,1,1,0,1,0
4,2,12/17/13,14471,1791,1,1,0,1,0
4,3,12/18/13,13440,1704,1,1,0,1,0
4,4,12/19/13,13259,1788,1,1,0,1,0
4,5,12/20/13,14757,1904,1,1,0,1,0
4,6,12/21/13,14207,1825,1,0,0,1,0
4,7,12/22/13,0,0,0,0,0,1,0
4,1,12/23/13,16941,2139,1,0,1,1,0
4,2,12/24/13,6786,868,1,0,1,1,0
4,3,12/25/13,0,0,0,0,1,1,0
4,4,12/26/13,0,0,0,0,1,1,0
4,5,12/27/13,11159,1569,1,0,1,1,0
4,6,12/28/13,10954,1482,1,0,0,1,0
4,7,12/29/13,0,0,0,0,0,1,0
4,1,12/30/13,17412,2216,1,0,1,1,0
4,2,12/31/13,9813,1323,1,0,1,1,0
4,3,1/1/14,0,0,0,0,1,1,0
4,4,1/2/14,9525,1434,1,0,1,1,0
4,5,1/3/14,9299,1359,1,0,1,1,0
4,6,1/4/14,10569,1507,1,0,0,1,0
4,7,1/5/14,0,0,0,0,0,1,0
4,1,1/6/14,13086,1606,1,1,0,1,0
4,2,1/7/14,10338,1390,1,1,0,1,0
4,3,1/8/14,9271,1220,1,1,0,1,0
4,4,1/9/14,9489,1297,1,1,0,1,0
4,5,1/10/14,9154,1356,1,1,0,1,0
4,6,1/11/14,9203,1355,1,0,0,1,0
4,7,1/12/14,0,0,0,0,0,1,0
4,1,1/13/14,7838,1217,1,0,0,1,0
4,2,1/14/14,7465,1075,1,0,0,1,0
4,3,1/15/14,6571,1053,1,0,0,1,0
4,4,1/16/14,6927,1064,1,0,0,1,0
4,5,1/17/14,7654,1117,1,0,0,1,0
4,6,1/18/14,9451,1345,1,0,0,1,0
4,7,1/19/14,0,0,0,0,0,1,0
4,1,1/20/14,10734,1378,1,1,0,1,0
4,2,1/21/14,9456,1307,1,1,0,1,0
4,3,1/22/14,8898,1237,1,1,0,1,0
4,4,1/23/14,9580,1274,1,1,0,1,0
4,5,1/24/14,9154,1278,1,1,0,1,0
4,6,1/25/14,9756,1369,1,0,0,1,0
4,7,1/26/14,0,0,0,0,0,1,0
4,1,1/27/14,7800,1166,1,0,0,1,0
4,2,1/28/14,7268,1115,1,0,0,1,0
4,3,1/29/14,7996,1120,1,0,0,1,0
4,4,1/30/14,7860,1111,1,0,0,1,0
4,5,1/31/14,10468,1438,1,0,0,1,0
4,6,2/1/14,12028,1611,1,0,0,1,0
4,7,2/2/14,0,0,0,0,0,1,0
4,1,2/3/14,13634,1825,1,1,1,1,0
4,2,2/4/14,10795,1546,1,1,1,1,0
4,3,2/5/14,10046,1386,1,1,1,1,0
4,4,2/6/14,9589,1347,1,1,1,1,0
4,5,2/7/14,9571,1386,1,1,1,1,0
4,6,2/8/14,9842,1434,1,0,0,1,0
4,7,2/9/14,0,0,0,0,0,1,0
4,1,2/10/14,9075,1327,1,0,0,1,0
4,2,2/11/14,7483,1131,1,0,0,1,0
4,3,2/12/14,8244,1214,1,0,0,1,0
4,4,2/13/14,7765,1186,1,0,0,1,0
4,5,2/14/14,8877,1275,1,0,0,1,0
4,6,2/15/14,9171,1383,1,0,0,1,0
4,7,2/16/14,0,0,0,0,0,1,0
4,1,2/17/14,11297,1531,1,1,0,1,0
4,2,2/18/14,9676,1272,1,1,0,1,0
4,3,2/19/14,9010,1278,1,1,0,1,0
4,4,2/20/14,9452,1305,1,1,0,1,0
4,5,2/21/14,9193,1308,1,1,0,1,0
4,6,2/22/14,10047,1451,1,0,0,1,0
4,7,2/23/14,0,0,0,0,0,1,0
4,1,2/24/14,7782,1220,1,0,0,1,0
4,2,2/25/14,6812,1096,1,0,0,1,0
4,3,2/26/14,6987,1100,1,0,0,1,0
4,4,2/27/14,7723,1140,1,0,0,1,0
4,5,2/28/14,10849,1381,1,0,0,1,0
4,6,3/1/14,11248,1584,1,0,0,1,0
4,7,3/2/14,0,0,0,0,0,1,0
4,1,3/3/14,13685,1736,1,1,0,1,0
4,2,3/4/14,11220,1440,1,1,0,1,0
4,3,3/5/14,9039,1277,1,1,0,1,0
4,4,3/6/14,9072,1285,1,1,0,1,0
4,5,3/7/14,9986,1359,1,1,0,1,0
4,6,3/8/14,9296,1372,1,0,0,1,0
4,7,3/9/14,0,0,0,0,0,1,0
4,1,3/10/14,7809,1157,1,0,0,1,0
4,2,3/11/14,7021,1092,1,0,0,1,0
4,3,3/12/14,7318,1107,1,0,0,1,0
4,4,3/13/14,6987,1011,1,0,0,1,0
4,5,3/14/14,7336,1109,1,0,0,1,0
4,6,3/15/14,10009,1397,1,0,0,1,0
4,7,3/16/14,0,0,0,0,0,1,0
4,1,3/17/14,11669,1563,1,1,0,1,0
4,2,3/18/14,9920,1344,1,1,0,1,0
4,3,3/19/14,8672,1265,1,1,0,1,0
4,4,3/20/14,8074,1200,1,1,0,1,0
4,5,3/21/14,9292,1284,1,1,0,1,0
4,6,3/22/14,9676,1393,1,0,0,1,0
4,7,3/23/14,0,0,0,0,0,1,0
4,1,3/24/14,7992,1209,1,0,0,1,0
4,2,3/25/14,7277,1123,1,0,0,1,0
4,3,3/26/14,7095,1054,1,0,0,1,0
4,4,3/27/14,7006,1079,1,0,0,1,0
4,5,3/28/14,7696,1096,1,0,0,1,0
4,6,3/29/14,8880,1321,1,0,0,1,0
4,7,3/30/14,0,0,0,0,0,1,0
4,1,3/31/14,14638,1752,1,1,0,1,0
4,2,4/1/14,11772,1436,1,1,0,1,0
4,3,4/2/14,9585,1291,1,1,0,1,0
4,4,4/3/14,9189,1277,1,1,0,1,0
4,5,4/4/14,9411,1286,1,1,0,1,0
4,6,4/5/14,9423,1381,1,0,0,1,0
4,7,4/6/14,0,0,0,0,0,1,0
4,1,4/7/14,7733,1214,1,0,0,1,0
4,2,4/8/14,7074,1102,1,0,0,1,0
4,3,4/9/14,7890,1145,1,0,0,1,0
4,4,4/10/14,7714,1139,1,0,0,1,0
4,5,4/11/14,7682,1166,1,0,0,1,0
4,6,4/12/14,9200,1367,1,0,0,1,0
4,7,4/13/14,0,0,0,0,0,1,0
4,1,4/14/14,12391,1592,1,1,1,1,0
4,2,4/15/14,11191,1485,1,1,1,1,0
4,3,4/16/14,11237,1489,1,1,1,1,0
4,4,4/17/14,13084,1755,1,1,1,1,0
4,5,4/18/14,0,0,0,1,1,1,0
4,6,4/19/14,10613,1558,1,0,0,1,0
4,7,4/20/14,0,0,0,0,0,1,0
4,1,4/21/14,0,0,0,0,1,1,0
4,2,4/22/14,9723,1353,1,0,1,1,0
4,3,4/23/14,7352,1109,1,0,1,1,0
4,4,4/24/14,7294,1112,1,0,1,1,0
4,5,4/25/14,7041,1002,1,0,1,1,0
4,6,4/26/14,8650,1265,1,0,0,1,0
4,7,4/27/14,0,0,0,0,0,1,0
4,1,4/28/14,11863,1539,1,1,0,1,0
4,2,4/29/14,9680,1257,1,1,0,1,0
4,3,4/30/14,14743,1820,1,1,0,1,0
4,4,5/1/14,0,0,0,1,0,1,0
4,5,5/2/14,15274,1833,1,1,1,1,0
4,6,5/3/14,10330,1475,1,0,0,1,0
4,7,5/4/14,0,0,0,0,0,1,0
4,1,5/5/14,11986,1545,1,1,0,1,0
4,2,5/6/14,9723,1285,1,1,0,1,0
4,3,5/7/14,9245,1221,1,1,0,1,0
4,4,5/8/14,9227,1246,1,1,0,1,0
4,5,5/9/14,10880,1422,1,1,0,1,0
4,6,5/10/14,10559,1542,1,0,0,1,0
4,7,5/11/14,0,0,0,0,0,1,0
4,1,5/12/14,8484,1279,1,0,0,1,0
4,2,5/13/14,7508,1159,1,0,0,1,0
4,3,5/14/14,7268,1081,1,0,0,1,0
4,4,5/15/14,7145,1045,1,0,0,1,0
4,5,5/16/14,7948,1140,1,0,0,1,0
4,6,5/17/14,9040,1327,1,0,0,1,0
4,7,5/18/14,0,0,0,0,0,1,0
4,1,5/19/14,11433,1510,1,1,0,1,0
4,2,5/20/14,8127,1165,1,1,0,1,0
4,3,5/21/14,8408,1163,1,1,0,1,0
4,4,5/22/14,8924,1167,1,1,0,1,0
4,5,5/23/14,8611,1177,1,1,0,1,0
4,6,5/24/14,9218,1284,1,0,0,1,0
4,7,5/25/14,0,0,0,0,0,1,0
4,1,5/26/14,7949,1155,1,0,0,1,0
4,2,5/27/14,7193,1074,1,0,0,1,0
4,3,5/28/14,11073,1509,1,0,0,1,0
4,4,5/29/14,0,0,0,0,0,1,0
4,5,5/30/14,13149,1701,1,0,1,1,0
4,6,5/31/14,11018,1542,1,0,0,1,0
4,7,6/1/14,0,0,0,0,0,1,0
4,1,6/2/14,13087,1622,1,1,0,1,0
4,2,6/3/14,11083,1418,1,1,0,1,0
4,3,6/4/14,10584,1345,1,1,0,1,0
4,4,6/5/14,10774,1331,1,1,0,1,0
4,5,6/6/14,10705,1365,1,1,0,1,0
4,6,6/7/14,10164,1472,1,0,0,1,0
4,7,6/8/14,0,0,0,0,0,1,0
4,1,6/9/14,0,0,0,0,0,1,0
4,2,6/10/14,10239,1386,1,0,0,1,0
4,3,6/11/14,8163,1139,1,0,0,1,0
4,4,6/12/14,8637,1184,1,0,0,1,0
4,5,6/13/14,8077,1144,1,0,0,1,0
4,6,6/14/14,11209,1539,1,0,0,1,0
4,7,6/15/14,0,0,0,0,0,1,0
4,1,6/16/14,11121,1425,1,1,0,1,0
4,2,6/17/14,10097,1293,1,1,0,1,0
4,3,6/18/14,8791,1180,1,1,0,1,0
4,4,6/19/14,9446,1313,1,1,0,1,0
4,5,6/20/14,9503,1332,1,1,0,1,0
4,6,6/21/14,8683,1265,1,0,0,1,0
4,7,6/22/14,0,0,0,0,0,1,0
4,1,6/23/14,8998,1291,1,0,0,1,0
4,2,6/24/14,7723,1102,1,0,0,1,0
4,3,6/25/14,8450,1174,1,0,0,1,0
4,4,6/26/14,7080,1032,1,0,0,1,0
4,5,6/27/14,7556,1129,1,0,0,1,0
4,6,6/28/14,9601,1310,1,0,0,1,0
4,7,6/29/14,0,0,0,0,0,1,0
4,1,6/30/14,15672,1783,1,1,0,1,0
4,2,7/1/14,11584,1435,1,1,0,1,0
4,3,7/2/14,10575,1420,1,1,0,1,0
4,4,7/3/14,10659,1430,1,1,0,1,0
4,5,7/4/14,8551,1255,1,1,0,1,0
4,6,7/5/14,10034,1350,1,0,0,1,0
4,7,7/6/14,0,0,0,0,0,1,0
4,1,7/7/14,9810,1392,1,0,0,1,0
4,2,7/8/14,8844,1180,1,0,0,1,0
4,3,7/9/14,9042,1183,1,0,1,1,0
4,4,7/10/14,10000,1293,1,0,1,1,0
4,5,7/11/14,9195,1224,1,0,1,1,0
4,6,7/12/14,10335,1370,1,0,0,1,0
4,7,7/13/14,0,0,0,0,0,1,0
4,1,7/14/14,12949,1562,1,1,1,1,0
4,2,7/15/14,10719,1333,1,1,1,1,0
4,3,7/16/14,10720,1322,1,1,1,1,0
4,4,7/17/14,10045,1295,1,1,1,1,0
4,5,7/18/14,9353,1268,1,1,1,1,0
4,6,7/19/14,8840,1171,1,0,0,1,0
4,7,7/20/14,0,0,0,0,0,1,0
4,1,7/21/14,8649,1242,1,0,1,1,0
4,2,7/22/14,7589,1076,1,0,1,1,0
4,3,7/23/14,6514,950,1,0,1,1,0
4,4,7/24/14,7355,1034,1,0,1,1,0
4,5,7/25/14,7655,1046,1,0,1,1,0
4,6,7/26/14,8805,1170,1,0,0,1,0
4,7,7/27/14,0,0,0,0,0,1,0
4,1,7/28/14,11033,1379,1,1,1,1,0
4,2,7/29/14,9808,1311,1,1,1,1,0
4,3,7/30/14,10032,1288,1,1,1,1,0
4,4,7/31/14,12533,1451,1,1,1,1,0
4,5,8/1/14,11112,1354,1,1,1,1,0
4,6,8/2/14,10071,1337,1,0,0,1,0
4,7,8/3/14,0,0,0,0,0,1,0
4,1,8/4/14,11754,1518,1,1,1,1,0
4,2,8/5/14,9990,1336,1,1,1,1,0
4,3,8/6/14,8860,1199,1,1,1,1,0
4,4,8/7/14,9872,1269,1,1,1,1,0
4,5,8/8/14,9698,1219,1,1,1,1,0
4,6,8/9/14,9266,1227,1,0,0,1,0
4,7,8/10/14,0,0,0,0,0,1,0
4,1,8/11/14,9674,1343,1,0,1,1,0
4,2,8/12/14,7896,1130,1,0,1,1,0
4,3,8/13/14,7832,1136,1,0,1,1,0
4,4,8/14/14,8230,1107,1,0,1,1,0
4,5,8/15/14,9048,1217,1,0,1,1,0
4,6,8/16/14,9756,1276,1,0,0,1,0
4,7,8/17/14,0,0,0,0,0,1,0
4,1,8/18/14,13564,1584,1,1,1,1,0
4,2,8/19/14,10163,1323,1,1,1,1,0
4,3,8/20/14,9515,1271,1,1,1,1,0
4,4,8/21/14,9954,1288,1,1,1,1,0
4,5,8/22/14,10315,1318,1,1,1,1,0
4,6,8/23/14,10208,1447,1,0,0,1,0
4,7,8/24/14,0,0,0,0,0,1,0
4,1,8/25/14,10919,1513,1,0,0,1,0
4,2,8/26/14,8985,1304,1,0,0,1,0
4,3,8/27/14,8718,1203,1,0,0,1,0
4,4,8/28/14,9205,1366,1,0,0,1,0
4,5,8/29/14,11938,1577,1,0,0,1,0
4,6,8/30/14,11930,1542,1,0,0,1,0
4,7,8/31/14,0,0,0,0,0,1,0
4,1,9/1/14,15595,1796,1,1,0,1,0
4,2,9/2/14,11932,1524,1,1,0,1,0
4,3,9/3/14,10729,1406,1,1,0,1,0
4,4,9/4/14,10522,1402,1,1,0,1,0
4,5,9/5/14,10528,1387,1,1,0,1,0
4,6,9/6/14,9382,1368,1,0,0,1,0
4,7,9/7/14,0,0,0,0,0,1,0
4,1,9/8/14,8995,1306,1,0,0,1,0
4,2,9/9/14,8070,1243,1,0,0,1,0
4,3,9/10/14,8530,1206,1,0,0,1,0
4,4,9/11/14,7924,1155,1,0,0,1,0
4,5,9/12/14,7603,1114,1,0,0,1,0
4,6,9/13/14,9563,1311,1,0,0,1,0
4,7,9/14/14,0,0,0,0,0,1,0
4,1,9/15/14,11450,1471,1,1,0,1,0
4,2,9/16/14,9140,1223,1,1,0,1,0
4,3,9/17/14,8594,1173,1,1,0,1,0
4,4,9/18/14,8958,1196,1,1,0,1,0
4,5,9/19/14,8995,1228,1,1,0,1,0
4,6,9/20/14,10044,1388,1,0,0,1,0
4,7,9/21/14,0,0,0,0,0,1,0
4,1,9/22/14,8184,1205,1,0,0,1,0
4,2,9/23/14,7543,1115,1,0,0,1,0
4,3,9/24/14,6440,1005,1,0,0,1,0
4,4,9/25/14,6629,1030,1,0,0,1,0
4,5,9/26/14,6948,1066,1,0,0,1,0
4,6,9/27/14,9405,1302,1,0,0,1,0
4,7,9/28/14,0,0,0,0,0,1,0
4,1,9/29/14,10201,1306,1,1,0,1,0
4,2,9/30/14,12659,1486,1,1,0,1,0
4,3,10/1/14,10560,1364,1,1,0,1,0
4,4,10/2/14,12297,1641,1,1,0,1,0
4,5,10/3/14,0,0,0,1,0,1,0
4,6,10/4/14,11694,1582,1,0,0,1,0
4,7,10/5/14,0,0,0,0,0,1,0
4,1,10/6/14,10575,1462,1,1,0,1,0
4,2,10/7/14,9648,1291,1,1,0,1,0
4,3,10/8/14,9189,1257,1,1,0,1,0
4,4,10/9/14,8763,1211,1,1,0,1,0
4,5,10/10/14,9501,1295,1,1,0,1,0
4,6,10/11/14,10048,1458,1,0,0,1,0
4,7,10/12/14,0,0,0,0,0,1,0
4,1,10/13/14,8947,1294,1,0,0,1,0
4,2,10/14/14,8166,1156,1,0,0,1,0
4,3,10/15/14,7843,1102,1,0,0,1,0
4,4,10/16/14,8008,1138,1,0,0,1,0
4,5,10/17/14,7947,1172,1,0,0,1,0
4,6,10/18/14,10166,1397,1,0,0,1,0
4,7,10/19/14,0,0,0,0,0,1,0
4,1,10/20/14,11357,1503,1,1,1,1,0
4,2,10/21/14,9786,1357,1,1,1,1,0
4,3,10/22/14,9547,1316,1,1,1,1,0
4,4,10/23/14,9364,1278,1,1,1,1,0
4,5,10/24/14,9016,1248,1,1,1,1,0
4,6,10/25/14,9414,1329,1,0,0,1,0
4,7,10/26/14,0,0,0,0,0,1,0
4,1,10/27/14,9172,1286,1,0,1,1,0
4,2,10/28/14,7543,1134,1,0,1,1,0
4,3,10/29/14,7810,1144,1,0,1,1,0
4,4,10/30/14,9677,1337,1,0,1,1,0
4,5,10/31/14,9839,1453,1,0,1,1,0
4,6,11/1/14,10834,1467,1,0,0,1,0
4,7,11/2/14,0,0,0,0,0,1,0
4,1,11/3/14,13095,1656,1,1,0,1,0
4,2,11/4/14,11285,1533,1,1,0,1,0
4,3,11/5/14,11232,1426,1,1,0,1,0
4,4,11/6/14,9461,1329,1,1,0,1,0
4,5,11/7/14,11209,1458,1,1,0,1,0
4,6,11/8/14,10208,1409,1,0,0,1,0
4,7,11/9/14,0,0,0,0,0,1,0
4,1,11/10/14,10593,1442,1,1,0,1,0
4,2,11/11/14,8794,1296,1,1,0,1,0
4,3,11/12/14,9340,1306,1,1,0,1,0
4,4,11/13/14,10102,1355,1,1,0,1,0
4,5,11/14/14,9790,1337,1,1,0,1,0
4,6,11/15/14,11185,1512,1,0,0,1,0
4,7,11/16/14,0,0,0,0,0,1,0
4,1,11/17/14,9376,1299,1,0,0,1,0
4,2,11/18/14,8331,1155,1,0,0,1,0
4,3,11/19/14,7898,1161,1,0,0,1,0
4,4,11/20/14,7866,1184,1,0,0,1,0
4,5,11/21/14,8319,1217,1,0,0,1,0
4,6,11/22/14,10552,1509,1,0,0,1,0
4,7,11/23/14,0,0,0,0,0,1,0
4,1,11/24/14,12053,1541,1,1,0,1,0
4,2,11/25/14,11402,1430,1,1,0,1,0
4,3,11/26/14,10083,1291,1,1,0,1,0
4,4,11/27/14,10512,1344,1,1,0,1,0
4,5,11/28/14,13832,1649,1,1,0,1,0
4,6,11/29/14,14052,1813,1,0,0,1,0
4,7,11/30/14,0,0,0,0,0,1,0
4,1,12/1/14,12359,1608,1,1,0,1,0
4,2,12/2/14,11114,1456,1,1,0,1,0
4,3,12/3/14,11716,1429,1,1,0,1,0
4,4,12/4/14,10657,1350,1,1,0,1,0
4,5,12/5/14,11831,1574,1,1,0,1,0
4,6,12/6/14,11624,1556,1,0,0,1,0
4,7,12/7/14,0,0,0,0,0,1,0
4,1,12/8/14,9556,1310,1,0,0,1,0
4,2,12/9/14,8426,1197,1,0,0,1,0
4,3,12/10/14,8042,1157,1,0,0,1,0
4,4,12/11/14,8522,1228,1,0,0,1,0
4,5,12/12/14,8403,1249,1,0,0,1,0
4,6,12/13/14,11953,1634,1,0,0,1,0
4,7,12/14/14,0,0,0,0,0,1,0
4,1,12/15/14,15110,1829,1,1,0,1,0
4,2,12/16/14,12776,1581,1,1,0,1,0
4,3,12/17/14,13087,1599,1,1,0,1,0
4,4,12/18/14,13183,1690,1,1,0,1,0
4,5,12/19/14,13591,1666,1,1,0,1,0
4,6,12/20/14,13884,1741,1,0,0,1,0
4,7,12/21/14,0,0,0,0,0,1,0
4,1,12/22/14,14572,1878,1,0,1,1,0
4,2,12/23/14,15839,2071,1,0,1,1,0
4,3,12/24/14,6551,856,1,0,1,1,0
4,4,12/25/14,0,0,0,0,1,1,0
4,5,12/26/14,0,0,0,0,1,1,0
4,6,12/27/14,12724,1693,1,0,0,1,0
4,7,12/28/14,0,0,0,0,0,1,0
4,1,12/29/14,13543,1759,1,0,1,1,0
4,2,12/30/14,16860,2075,1,0,1,1,0
4,3,12/31/14,10152,1311,1,0,1,1,0
4,4,1/1/15,0,0,0,0,1,1,0
4,5,1/2/15,10737,1489,1,0,1,1,0
4,6,1/3/15,9751,1454,1,0,0,1,0
4,7,1/4/15,0,0,0,0,0,1,0
4,1,1/5/15,11177,1483,1,1,0,1,0
4,2,1/6/15,10509,1348,1,1,0,1,0
4,3,1/7/15,9024,1231,1,1,0,1,0
4,4,1/8/15,8257,1180,1,1,0,1,0
4,5,1/9/15,8658,1197,1,1,0,1,0
4,6,1/10/15,10693,1466,1,0,0,1,0
4,7,1/11/15,0,0,0,0,0,1,0
4,1,1/12/15,11124,1431,1,1,0,1,0
4,2,1/13/15,8851,1223,1,1,0,1,0
4,3,1/14/15,9284,1219,1,1,0,1,0
4,4,1/15/15,9584,1217,1,1,0,1,0
4,5,1/16/15,9008,1228,1,1,0,1,0
4,6,1/17/15,9655,1373,1,0,0,1,0
4,7,1/18/15,0,0,0,0,0,1,0
4,1,1/19/15,8825,1233,1,0,0,1,0
4,2,1/20/15,7308,1120,1,0,0,1,0
4,3,1/21/15,7456,1124,1,0,0,1,0
4,4,1/22/15,7239,1073,1,0,0,1,0
4,5,1/23/15,7638,1129,1,0,0,1,0
4,6,1/24/15,9401,1386,1,0,0,1,0
4,7,1/25/15,0,0,0,0,0,1,0
4,1,1/26/15,10174,1381,1,1,0,1,0
4,2,1/27/15,9088,1236,1,1,0,1,0
4,3,1/28/15,8520,1227,1,1,0,1,0
4,4,1/29/15,9614,1270,1,1,0,1,0
4,5,1/30/15,13307,1632,1,1,0,1,0
4,6,1/31/15,11904,1560,1,0,0,1,0
4,7,2/1/15,0,0,0,0,0,1,0
4,1,2/2/15,13120,1681,1,1,1,1,0
4,2,2/3/15,11230,1429,1,1,1,1,0
4,3,2/4/15,9571,1310,1,1,1,1,0
4,4,2/5/15,9882,1424,1,1,1,1,0
4,5,2/6/15,10985,1466,1,1,1,1,0
4,6,2/7/15,10042,1398,1,0,0,1,0
4,7,2/8/15,0,0,0,0,0,1,0
4,1,2/9/15,8940,1255,1,0,0,1,0
4,2,2/10/15,7914,1180,1,0,0,1,0
4,3,2/11/15,7317,1087,1,0,0,1,0
4,4,2/12/15,8239,1206,1,0,0,1,0
4,5,2/13/15,8628,1261,1,0,0,1,0
4,6,2/14/15,10274,1477,1,0,0,1,0
4,7,2/15/15,0,0,0,0,0,1,0
4,1,2/16/15,11092,1511,1,1,0,1,0
4,2,2/17/15,9657,1258,1,1,0,1,0
4,3,2/18/15,8794,1223,1,1,0,1,0
4,4,2/19/15,9114,1264,1,1,0,1,0
4,5,2/20/15,10421,1391,1,1,0,1,0
4,6,2/21/15,9847,1348,1,0,0,1,0
4,7,2/22/15,0,0,0,0,0,1,0
4,1,2/23/15,8328,1185,1,0,0,1,0
4,2,2/24/15,7611,1162,1,0,0,1,0
4,3,2/25/15,8051,1113,1,0,0,1,0
4,4,2/26/15,8080,1138,1,0,0,1,0
4,5,2/27/15,10243,1384,1,0,0,1,0
4,6,2/28/15,11487,1548,1,0,0,1,0
4,7,3/1/15,0,0,0,0,0,1,0
4,1,3/2/15,12899,1588,1,1,0,1,0
4,2,3/3/15,11093,1407,1,1,0,1,0
4,3,3/4/15,9881,1329,1,1,0,1,0
4,4,3/5/15,10428,1370,1,1,0,1,0
4,5,3/6/15,10130,1346,1,1,0,1,0
4,6,3/7/15,10213,1412,1,0,0,1,0
4,7,3/8/15,0,0,0,0,0,1,0
4,1,3/9/15,8284,1159,1,0,0,1,0
4,2,3/10/15,7637,1097,1,0,0,1,0
4,3,3/11/15,7612,1035,1,0,0,1,0
4,4,3/12/15,7046,1043,1,0,0,1,0
4,5,3/13/15,8271,1150,1,0,0,1,0
4,6,3/14/15,10105,1412,1,0,0,1,0
4,7,3/15/15,0,0,0,0,0,1,0
4,1,3/16/15,11977,1594,1,1,0,1,0
4,2,3/17/15,9733,1326,1,1,0,1,0
4,3,3/18/15,9074,1225,1,1,0,1,0
4,4,3/19/15,9107,1228,1,1,0,1,0
4,5,3/20/15,9421,1270,1,1,0,1,0
4,6,3/21/15,10012,1411,1,0,0,1,0
4,7,3/22/15,0,0,0,0,0,1,0
4,1,3/23/15,8823,1263,1,0,0,1,0
4,2,3/24/15,7470,1087,1,0,0,1,0
4,3,3/25/15,6681,1024,1,0,0,1,0
4,4,3/26/15,7369,1091,1,0,0,1,0
4,5,3/27/15,8210,1156,1,0,0,1,0
4,6,3/28/15,10540,1462,1,0,0,1,0
4,7,3/29/15,0,0,0,0,0,1,0
4,1,3/30/15,13117,1613,1,1,1,1,0
4,2,3/31/15,14451,1724,1,1,1,1,0
4,3,4/1/15,13731,1662,1,1,1,1,0
4,4,4/2/15,17311,1976,1,1,1,1,0
4,5,4/3/15,0,0,0,1,1,1,0
4,6,4/4/15,15018,1917,1,0,0,1,0
4,7,4/5/15,0,0,0,0,0,1,0
4,1,4/6/15,0,0,0,0,1,1,0
4,2,4/7/15,11354,1620,1,0,1,1,0
4,3,4/8/15,9174,1276,1,0,1,1,0
4,4,4/9/15,8556,1209,1,0,1,1,0
4,5,4/10/15,7944,1181,1,0,1,1,0
4,6,4/11/15,9494,1339,1,0,0,1,0
4,7,4/12/15,0,0,0,0,0,1,0
4,1,4/13/15,11303,1486,1,1,0,1,0
4,2,4/14/15,10050,1311,1,1,0,1,0
4,3,4/15/15,9130,1193,1,1,0,1,0
4,4,4/16/15,9818,1298,1,1,0,1,0
4,5,4/17/15,10025,1320,1,1,0,1,0
4,6,4/18/15,11196,1456,1,0,0,1,0
4,7,4/19/15,0,0,0,0,0,1,0
4,1,4/20/15,8537,1261,1,0,0,1,0
4,2,4/21/15,6791,998,1,0,0,1,0
4,3,4/22/15,7444,1067,1,0,0,1,0
4,4,4/23/15,7021,1050,1,0,0,1,0
4,5,4/24/15,7175,1070,1,0,0,1,0
4,6,4/25/15,8571,1289,1,0,0,1,0
4,7,4/26/15,0,0,0,0,0,1,0
4,1,4/27/15,12168,1442,1,1,0,1,0
4,2,4/28/15,10751,1358,1,1,0,1,0
4,3,4/29/15,9420,1264,1,1,0,1,0
4,4,4/30/15,16106,1854,1,1,0,1,0
4,5,5/1/15,0,0,0,1,0,1,0
4,6,5/2/15,12750,1685,1,0,0,1,0
4,7,5/3/15,0,0,0,0,0,1,0
4,1,5/4/15,11942,1467,1,1,0,1,0
4,2,5/5/15,9583,1311,1,1,0,1,0
4,3,5/6/15,10287,1273,1,1,0,1,0
4,4,5/7/15,9842,1268,1,1,0,1,0
4,5,5/8/15,10153,1336,1,1,0,1,0
4,6,5/9/15,10637,1484,1,0,0,1,0
4,7,5/10/15,0,0,0,0,0,1,0
4,1,5/11/15,8023,1176,1,0,0,1,0
4,2,5/12/15,7543,1091,1,0,0,1,0
4,3,5/13/15,10041,1408,1,0,0,1,0
4,4,5/14/15,0,0,0,0,0,1,0
4,5,5/15/15,10705,1475,1,0,1,1,0
4,6,5/16/15,10957,1426,1,0,0,1,0
4,7,5/17/15,0,0,0,0,0,1,0
4,1,5/18/15,11421,1474,1,1,0,1,0
4,2,5/19/15,9930,1321,1,1,0,1,0
4,3,5/20/15,10393,1299,1,1,0,1,0
4,4,5/21/15,8985,1257,1,1,0,1,0
4,5,5/22/15,9480,1295,1,1,0,1,0
4,6,5/23/15,10118,1395,1,0,0,1,0
4,7,5/24/15,0,0,0,0,0,1,0
4,1,5/25/15,0,0,0,0,0,1,0
4,2,5/26/15,10587,1450,1,0,1,1,0
4,3,5/27/15,8305,1177,1,0,0,1,0
4,4,5/28/15,8550,1158,1,0,0,1,0
4,5,5/29/15,10529,1366,1,0,0,1,0
4,6,5/30/15,12187,1590,1,0,0,1,0
4,7,5/31/15,0,0,0,0,0,1,0
4,1,6/1/15,13727,1695,1,1,0,1,0
4,2,6/2/15,11222,1438,1,1,0,1,0
4,3,6/3/15,10621,1341,1,1,0,1,0
4,4,6/4/15,10200,1311,1,1,0,1,0
4,5,6/5/15,10416,1404,1,1,0,1,0
4,6,6/6/15,8218,1219,1,0,0,1,0
4,7,6/7/15,0,0,0,0,0,1,0
4,1,6/8/15,9640,1268,1,0,0,1,0
4,2,6/9/15,8002,1110,1,0,0,1,0
4,3,6/10/15,7445,1049,1,0,0,1,0
4,4,6/11/15,7407,1081,1,0,0,1,0
4,5,6/12/15,7889,1090,1,0,0,1,0
4,6,6/13/15,9779,1370,1,0,0,1,0
4,7,6/14/15,0,0,0,0,0,1,0
4,1,6/15/15,12398,1473,1,1,0,1,0
4,2,6/16/15,10671,1352,1,1,0,1,0
4,3,6/17/15,9685,1254,1,1,0,1,0
4,4,6/18/15,8880,1138,1,1,0,1,0
4,5,6/19/15,9686,1281,1,1,0,1,0
4,6,6/20/15,9374,1311,1,0,0,1,0
4,7,6/21/15,0,0,0,0,0,1,0
4,1,6/22/15,9118,1230,1,0,0,1,0
4,2,6/23/15,7635,1118,1,0,0,1,0
4,3,6/24/15,8048,1094,1,0,0,1,0
4,4,6/25/15,7111,1046,1,0,0,1,0
4,5,6/26/15,7684,1076,1,0,0,1,0
4,6,6/27/15,8989,1268,1,0,0,1,0
4,7,6/28/15,0,0,0,0,0,1,0
4,1,6/29/15,11692,1361,1,1,0,1,0
4,2,6/30/15,13106,1488,1,1,0,1,0
4,3,7/1/15,11216,1359,1,1,0,1,0
4,4,7/2/15,10323,1333,1,1,0,1,0
4,5,7/3/15,11543,1395,1,1,0,1,0
4,6,7/4/15,9358,1257,1,0,0,1,0
4,7,7/5/15,0,0,0,0,0,1,0
4,1,7/6/15,9967,1373,1,0,0,1,0
4,2,7/7/15,8127,1103,1,0,0,1,0
4,3,7/8/15,8620,1134,1,0,0,1,0
4,4,7/9/15,9093,1185,1,0,0,1,0
4,5,7/10/15,9177,1245,1,0,0,1,0
4,6,7/11/15,10996,1401,1,0,0,1,0
4,7,7/12/15,0,0,0,0,0,1,0
4,1,7/13/15,13550,1619,1,1,0,1,0
4,2,7/14/15,12315,1485,1,1,0,1,0
4,3,7/15/15,11126,1377,1,1,0,1,0
4,4,7/16/15,11432,1417,1,1,1,1,0
4,5,7/17/15,10514,1343,1,1,1,1,0
4,6,7/18/15,9703,1284,1,0,0,1,0
4,7,7/19/15,0,0,0,0,0,1,0
4,1,7/20/15,10283,1348,1,0,1,1,0
4,2,7/21/15,9176,1149,1,0,1,1,0
4,3,7/22/15,8503,1108,1,0,1,1,0
4,4,7/23/15,7286,1101,1,0,1,1,0
4,5,7/24/15,8322,1108,1,0,1,1,0
4,6,7/25/15,9322,1219,1,0,0,1,0
4,7,7/26/15,0,0,0,0,0,1,0
4,1,7/27/15,11812,1379,1,1,1,1,0
4,2,7/28/15,10275,1191,1,1,1,1,0
4,3,7/29/15,10514,1258,1,1,1,1,0
4,4,7/30/15,10387,1276,1,1,1,1,0
4,5,7/31/15,13995,1498,1,1,1,1,0
5,2,1/1/13,0,0,0,0,1,0,0
5,3,1/2/13,4253,577,1,0,1,0,0
5,4,1/3/13,3465,491,1,0,0,0,0
5,5,1/4/13,4456,533,1,0,0,0,0
5,6,1/5/13,1590,202,1,0,0,0,0
5,7,1/6/13,0,0,0,0,0,0,0
5,1,1/7/13,6978,717,1,1,0,0,0
5,2,1/8/13,5718,613,1,1,0,0,0
5,3,1/9/13,5974,697,1,1,0,0,0
5,4,1/10/13,4999,596,1,1,0,0,0
5,5,1/11/13,5159,562,1,1,0,0,0
5,6,1/12/13,1760,223,1,0,0,0,0
5,7,1/13/13,0,0,0,0,0,0,0
5,1,1/14/13,4045,567,1,0,0,0,0
5,2,1/15/13,3916,520,1,0,0,0,0
5,3,1/16/13,3546,513,1,0,0,0,0
5,4,1/17/13,3401,464,1,0,0,0,0
5,5,1/18/13,4227,501,1,0,0,0,0
5,6,1/19/13,1698,199,1,0,0,0,0
5,7,1/20/13,0,0,0,0,0,0,0
5,1,1/21/13,6217,618,1,1,0,0,0
5,2,1/22/13,5680,626,1,1,0,0,0
5,3,1/23/13,6110,667,1,1,0,0,0
5,4,1/24/13,4397,512,1,1,0,0,0
5,5,1/25/13,4960,564,1,1,0,0,0
5,6,1/26/13,1570,187,1,0,0,0,0
5,7,1/27/13,0,0,0,0,0,0,0
5,1,1/28/13,3089,451,1,0,0,0,0
5,2,1/29/13,3569,472,1,0,0,0,0
5,3,1/30/13,4273,570,1,0,0,0,0
5,4,1/31/13,4392,571,1,0,0,0,0
5,5,2/1/13,4241,576,1,0,0,0,0
5,6,2/2/13,1757,211,1,0,0,0,0
5,7,2/3/13,0,0,0,0,0,0,0
5,1,2/4/13,6846,679,1,1,1,0,0
5,2,2/5/13,5662,590,1,1,1,0,0
5,3,2/6/13,5724,687,1,1,1,0,0
5,4,2/7/13,4889,559,1,1,1,0,0
5,5,2/8/13,4764,555,1,1,1,0,0
5,6,2/9/13,1709,188,1,0,0,0,0
5,7,2/10/13,0,0,0,0,0,0,0
5,1,2/11/13,3978,560,1,0,1,0,0
5,2,2/12/13,3178,448,1,0,1,0,0
5,3,2/13/13,4412,568,1,0,1,0,0
5,4,2/14/13,3908,508,1,0,1,0,0
5,5,2/15/13,3811,500,1,0,1,0,0
5,6,2/16/13,1740,196,1,0,0,0,0
5,7,2/17/13,0,0,0,0,0,0,0
5,1,2/18/13,8397,780,1,1,0,0,0
5,2,2/19/13,3906,475,1,1,0,0,0
5,3,2/20/13,5517,619,1,1,0,0,0
5,4,2/21/13,4778,560,1,1,0,0,0
5,5,2/22/13,4874,560,1,1,0,0,0
5,6,2/23/13,1425,182,1,0,0,0,0
5,7,2/24/13,0,0,0,0,0,0,0
5,1,2/25/13,3372,490,1,0,0,0,0
5,2,2/26/13,3664,469,1,0,0,0,0
5,3,2/27/13,3634,529,1,0,0,0,0
5,4,2/28/13,4940,568,1,0,0,0,0
5,5,3/1/13,4082,549,1,0,0,0,0
5,6,3/2/13,1939,242,1,0,0,0,0
5,7,3/3/13,0,0,0,0,0,0,0
5,1,3/4/13,7926,809,1,1,0,0,0
5,2,3/5/13,6131,685,1,1,0,0,0
5,3,3/6/13,6027,693,1,1,0,0,0
5,4,3/7/13,4430,533,1,1,0,0,0
5,5,3/8/13,4744,576,1,1,0,0,0
5,6,3/9/13,1558,190,1,0,0,0,0
5,7,3/10/13,0,0,0,0,0,0,0
5,1,3/11/13,3343,458,1,0,0,0,0
5,2,3/12/13,2809,403,1,0,0,0,0
5,3,3/13/13,3486,501,1,0,0,0,0
5,4,3/14/13,3488,485,1,0,0,0,0
5,5,3/15/13,3839,481,1,0,0,0,0
5,6,3/16/13,1717,206,1,0,0,0,0
5,7,3/17/13,0,0,0,0,0,0,0
5,1,3/18/13,7297,755,1,1,0,0,0
5,2,3/19/13,4930,571,1,1,0,0,0
5,3,3/20/13,6085,689,1,1,0,0,0
5,4,3/21/13,5027,550,1,1,0,0,0
5,5,3/22/13,4862,552,1,1,0,0,0
5,6,3/23/13,2153,239,1,0,0,0,0
5,7,3/24/13,0,0,0,0,0,0,0
5,1,3/25/13,7563,750,1,1,0,0,0
5,2,3/26/13,6086,612,1,1,0,0,0
5,3,3/27/13,6477,717,1,1,0,0,0
5,4,3/28/13,7945,816,1,1,0,0,0
5,5,3/29/13,0,0,0,1,1,0,0
5,6,3/30/13,2916,359,1,0,0,0,0
5,7,3/31/13,0,0,0,0,0,0,0
5,1,4/1/13,0,0,0,0,1,0,0
5,2,4/2/13,4436,620,1,0,1,0,0
5,3,4/3/13,4247,597,1,0,1,0,0
5,4,4/4/13,3875,496,1,0,1,0,0
5,5,4/5/13,3949,519,1,0,1,0,0
5,6,4/6/13,1571,207,1,0,0,0,0
5,7,4/7/13,0,0,0,0,0,0,0
5,1,4/8/13,6817,695,1,1,0,0,0
5,2,4/9/13,5204,580,1,1,0,0,0
5,3,4/10/13,5698,689,1,1,0,0,0
5,4,4/11/13,4509,517,1,1,0,0,0
5,5,4/12/13,4767,555,1,1,0,0,0
5,6,4/13/13,1515,215,1,0,0,0,0
5,7,4/14/13,0,0,0,0,0,0,0
5,1,4/15/13,3344,511,1,0,0,0,0
5,2,4/16/13,3367,494,1,0,0,0,0
5,3,4/17/13,3636,539,1,0,0,0,0
5,4,4/18/13,3280,435,1,0,0,0,0
5,5,4/19/13,3596,493,1,0,0,0,0
5,6,4/20/13,2152,244,1,0,0,0,0
5,7,4/21/13,0,0,0,0,0,0,0
5,1,4/22/13,6458,671,1,1,0,0,0
5,2,4/23/13,4859,576,1,1,0,0,0
5,3,4/24/13,5076,708,1,1,0,0,0
5,4,4/25/13,4775,569,1,1,0,0,0
5,5,4/26/13,4228,534,1,1,0,0,0
5,6,4/27/13,1428,180,1,0,0,0,0
5,7,4/28/13,0,0,0,0,0,0,0
5,1,4/29/13,6967,732,1,1,0,0,0
5,2,4/30/13,6387,744,1,1,0,0,0
5,3,5/1/13,0,0,0,1,0,0,0
5,4,5/2/13,6347,715,1,1,0,0,0
5,5,5/3/13,5531,631,1,1,0,0,0
5,6,5/4/13,1922,231,1,0,0,0,0
5,7,5/5/13,0,0,0,0,0,0,0
5,1,5/6/13,3895,558,1,0,0,0,0
5,2,5/7/13,3961,507,1,0,0,0,0
5,3,5/8/13,4680,647,1,0,0,0,0
5,4,5/9/13,0,0,0,0,0,0,0
5,5,5/10/13,4937,595,1,0,1,0,0
5,6,5/11/13,1788,234,1,0,0,0,0
5,7,5/12/13,0,0,0,0,0,0,0
5,1,5/13/13,6862,752,1,1,0,0,0
5,2,5/14/13,5587,624,1,1,0,0,0
5,3,5/15/13,5443,662,1,1,0,0,0
5,4,5/16/13,4790,598,1,1,0,0,0
5,5,5/17/13,5354,612,1,1,0,0,0
5,6,5/18/13,1939,237,1,0,0,0,0
5,7,5/19/13,0,0,0,0,0,0,0
5,1,5/20/13,0,0,0,0,1,0,0
5,2,5/21/13,4495,573,1,0,1,0,0
5,3,5/22/13,4381,544,1,0,1,0,0
5,4,5/23/13,3930,507,1,0,0,0,0
5,5,5/24/13,3830,501,1,0,0,0,0
5,6,5/25/13,1668,209,1,0,0,0,0
5,7,5/26/13,0,0,0,0,0,0,0
5,1,5/27/13,6746,707,1,1,0,0,0
5,2,5/28/13,5725,651,1,1,0,0,0
5,3,5/29/13,5334,655,1,1,0,0,0
5,4,5/30/13,5065,576,1,1,0,0,0
5,5,5/31/13,6082,679,1,1,0,0,0
5,6,6/1/13,2157,259,1,0,0,0,0
5,7,6/2/13,0,0,0,0,0,0,0
5,1,6/3/13,0,0,0,1,0,0,0
5,2,6/4/13,3374,422,1,1,0,0,0
5,3,6/5/13,5349,682,1,1,0,0,0
5,4,6/6/13,5235,579,1,1,0,0,0
5,5,6/7/13,5056,632,1,1,0,0,0
5,6,6/8/13,2163,260,1,0,0,0,0
5,7,6/9/13,0,0,0,0,0,0,0
5,1,6/10/13,4745,583,1,0,0,0,0
5,2,6/11/13,4368,544,1,0,0,0,0
5,3,6/12/13,4230,617,1,0,0,0,0
5,4,6/13/13,4066,519,1,0,0,0,0
5,5,6/14/13,4487,587,1,0,0,0,0
5,6,6/15/13,1970,219,1,0,0,0,0
5,7,6/16/13,0,0,0,0,0,0,0
5,1,6/17/13,8126,784,1,1,0,0,0
5,2,6/18/13,5853,650,1,1,0,0,0
5,3,6/19/13,5594,663,1,1,0,0,0
5,4,6/20/13,5315,563,1,1,0,0,0
5,5,6/21/13,6029,653,1,1,0,0,0
5,6,6/22/13,2250,253,1,0,0,0,0
5,7,6/23/13,0,0,0,0,0,0,0
5,1,6/24/13,4517,588,1,0,0,0,0
5,2,6/25/13,3476,443,1,0,0,0,0
5,3,6/26/13,4511,583,1,0,0,0,0
5,4,6/27/13,4646,571,1,0,0,0,0
5,5,6/28/13,5303,625,1,0,0,0,0
5,6,6/29/13,2460,281,1,0,0,0,0
5,7,6/30/13,0,0,0,0,0,0,0
5,1,7/1/13,9047,845,1,1,0,0,0
5,2,7/2/13,6652,678,1,1,0,0,0
5,3,7/3/13,7100,802,1,1,0,0,0
5,4,7/4/13,6473,679,1,1,0,0,0
5,5,7/5/13,7054,708,1,1,0,0,0
5,6,7/6/13,1957,246,1,0,0,0,0
5,7,7/7/13,0,0,0,0,0,0,0
5,1,7/8/13,4896,604,1,0,0,0,0
5,2,7/9/13,4758,592,1,0,0,0,0
5,3,7/10/13,5038,662,1,0,0,0,0
5,4,7/11/13,4935,605,1,0,0,0,0
5,5,7/12/13,4885,581,1,0,0,0,0
5,6,7/13/13,2451,265,1,0,0,0,0
5,7,7/14/13,0,0,0,0,0,0,0
5,1,7/15/13,9299,847,1,1,1,0,0
5,2,7/16/13,6027,670,1,1,1,0,0
5,3,7/17/13,7126,735,1,1,1,0,0
5,4,7/18/13,6316,633,1,1,1,0,0
5,5,7/19/13,6197,650,1,1,1,0,0
5,6,7/20/13,2231,253,1,0,0,0,0
5,7,7/21/13,0,0,0,0,0,0,0
5,1,7/22/13,4704,582,1,0,1,0,0
5,2,7/23/13,4533,510,1,0,1,0,0
5,3,7/24/13,4865,621,1,0,1,0,0
5,4,7/25/13,4616,550,1,0,1,0,0
5,5,7/26/13,4432,509,1,0,1,0,0
5,6,7/27/13,2321,263,1,0,0,0,0
5,7,7/28/13,0,0,0,0,0,0,0
5,1,7/29/13,8701,788,1,1,1,0,0
5,2,7/30/13,7217,695,1,1,1,0,0
5,3,7/31/13,8061,788,1,1,1,0,0
5,4,8/1/13,6373,689,1,1,1,0,0
5,5,8/2/13,4907,589,1,1,1,0,0
5,6,8/3/13,1778,250,1,0,0,0,0
5,7,8/4/13,0,0,0,0,0,0,0
5,1,8/5/13,4816,583,1,0,1,0,0
5,2,8/6/13,4649,508,1,0,1,0,0
5,3,8/7/13,5198,645,1,0,1,0,0
5,4,8/8/13,3869,509,1,0,1,0,0
5,5,8/9/13,3932,470,1,0,1,0,0
5,6,8/10/13,2005,244,1,0,0,0,0
5,7,8/11/13,0,0,0,0,0,0,0
5,1,8/12/13,7706,780,1,1,1,0,0
5,2,8/13/13,6858,678,1,1,1,0,0
5,3,8/14/13,6352,736,1,1,1,0,0
5,4,8/15/13,5030,539,1,1,1,0,0
5,5,8/16/13,5113,590,1,1,1,0,0
5,6,8/17/13,1676,214,1,0,0,0,0
5,7,8/18/13,0,0,0,0,0,0,0
5,1,8/19/13,4225,527,1,0,1,0,0
5,2,8/20/13,3825,537,1,0,1,0,0
5,3,8/21/13,4434,619,1,0,1,0,0
5,4,8/22/13,3534,485,1,0,1,0,0
5,5,8/23/13,3879,513,1,0,1,0,0
5,6,8/24/13,1832,224,1,0,0,0,0
5,7,8/25/13,0,0,0,0,0,0,0
5,1,8/26/13,7457,735,1,1,0,0,0
5,2,8/27/13,6045,646,1,1,0,0,0
5,3,8/28/13,5919,682,1,1,0,0,0
5,4,8/29/13,5720,637,1,1,0,0,0
5,5,8/30/13,6413,678,1,1,0,0,0
5,6,8/31/13,2424,258,1,0,0,0,0
5,7,9/1/13,0,0,0,0,0,0,0
5,1,9/2/13,4598,568,1,0,0,0,0
5,2,9/3/13,4314,557,1,0,0,0,0
5,3,9/4/13,3996,589,1,0,0,0,0
5,4,9/5/13,3830,516,1,0,0,0,0
5,5,9/6/13,4242,537,1,0,0,0,0
5,6,9/7/13,1893,228,1,0,0,0,0
5,7,9/8/13,0,0,0,0,0,0,0
5,1,9/9/13,7378,739,1,1,0,0,0
5,2,9/10/13,6222,631,1,1,0,0,0
5,3,9/11/13,5958,705,1,1,0,0,0
5,4,9/12/13,5298,600,1,1,0,0,0
5,5,9/13/13,5274,640,1,1,0,0,0
5,6,9/14/13,2001,217,1,0,0,0,0
5,7,9/15/13,0,0,0,0,0,0,0
5,1,9/16/13,3940,529,1,0,0,0,0
5,2,9/17/13,3846,528,1,0,0,0,0
5,3,9/18/13,3753,537,1,0,0,0,0
5,4,9/19/13,3457,470,1,0,0,0,0
5,5,9/20/13,4024,512,1,0,0,0,0
5,6,9/21/13,1725,217,1,0,0,0,0
5,7,9/22/13,0,0,0,0,0,0,0
5,1,9/23/13,7486,743,1,1,0,0,0
5,2,9/24/13,5489,596,1,1,0,0,0
5,3,9/25/13,5371,653,1,1,0,0,0
5,4,9/26/13,4566,507,1,1,0,0,0
5,5,9/27/13,5139,598,1,1,0,0,0
5,6,9/28/13,2171,231,1,0,0,0,0
5,7,9/29/13,0,0,0,0,0,0,0
5,1,9/30/13,4367,581,1,0,0,0,0
5,2,10/1/13,4686,610,1,0,0,0,0
5,3,10/2/13,5118,668,1,0,0,0,0
5,4,10/3/13,0,0,0,0,0,0,0
5,5,10/4/13,5108,634,1,0,0,0,0
5,6,10/5/13,2041,223,1,0,0,0,0
5,7,10/6/13,0,0,0,0,0,0,0
5,1,10/7/13,8319,808,1,1,0,0,0
5,2,10/8/13,5697,636,1,1,0,0,0
5,3,10/9/13,6063,688,1,1,0,0,0
5,4,10/10/13,4985,545,1,1,0,0,0
5,5,10/11/13,5421,597,1,1,0,0,0
5,6,10/12/13,1963,217,1,0,0,0,0
5,7,10/13/13,0,0,0,0,0,0,0
5,1,10/14/13,4199,548,1,0,0,0,0
5,2,10/15/13,3450,474,1,0,0,0,0
5,3,10/16/13,4415,625,1,0,0,0,0
5,4,10/17/13,3721,511,1,0,0,0,0
5,5,10/18/13,3867,512,1,0,0,0,0
5,6,10/19/13,1938,202,1,0,0,0,0
5,7,10/20/13,0,0,0,0,0,0,0
5,1,10/21/13,7690,753,1,1,1,0,0
5,2,10/22/13,5174,581,1,1,1,0,0
5,3,10/23/13,6517,752,1,1,1,0,0
5,4,10/24/13,5049,566,1,1,1,0,0
5,5,10/25/13,5347,581,1,1,1,0,0
5,6,10/26/13,1700,211,1,0,0,0,0
5,7,10/27/13,0,0,0,0,0,0,0
5,1,10/28/13,3578,504,1,0,1,0,0
5,2,10/29/13,3909,493,1,0,1,0,0
5,3,10/30/13,5850,743,1,0,1,0,0
5,4,10/31/13,0,0,0,0,1,0,0
5,5,11/1/13,5076,648,1,0,1,0,0
5,6,11/2/13,2190,231,1,0,0,0,0
5,7,11/3/13,0,0,0,0,0,0,0
5,1,11/4/13,7030,744,1,1,0,0,0
5,2,11/5/13,6228,667,1,1,0,0,0
5,3,11/6/13,6200,709,1,1,0,0,0
5,4,11/7/13,4987,564,1,1,0,0,0
5,5,11/8/13,4725,544,1,1,0,0,0
5,6,11/9/13,1974,217,1,0,0,0,0
5,7,11/10/13,0,0,0,0,0,0,0
5,1,11/11/13,3866,523,1,0,0,0,0
5,2,11/12/13,3920,506,1,0,0,0,0
5,3,11/13/13,4319,576,1,0,0,0,0
5,4,11/14/13,4086,521,1,0,0,0,0
5,5,11/15/13,4613,539,1,0,0,0,0
5,6,11/16/13,1925,233,1,0,0,0,0
5,7,11/17/13,0,0,0,0,0,0,0
5,1,11/18/13,8022,759,1,1,0,0,0
5,2,11/19/13,7632,752,1,1,0,0,0
5,3,11/20/13,0,0,0,1,0,0,0
5,4,11/21/13,6641,713,1,1,0,0,0
5,5,11/22/13,6198,643,1,1,0,0,0
5,6,11/23/13,2075,245,1,0,0,0,0
5,7,11/24/13,0,0,0,0,0,0,0
5,1,11/25/13,4597,569,1,0,0,0,0
5,2,11/26/13,4597,531,1,0,0,0,0
5,3,11/27/13,5128,655,1,0,0,0,0
5,4,11/28/13,4676,542,1,0,0,0,0
5,5,11/29/13,6158,630,1,0,0,0,0
5,6,11/30/13,2704,260,1,0,0,0,0
5,7,12/1/13,0,0,0,0,0,0,0
5,1,12/2/13,9761,878,1,1,0,0,0
5,2,12/3/13,7663,744,1,1,0,0,0
5,3,12/4/13,7284,728,1,1,0,0,0
5,4,12/5/13,7765,753,1,1,0,0,0
5,5,12/6/13,5011,575,1,1,0,0,0
5,6,12/7/13,2228,276,1,0,0,0,0
5,7,12/8/13,0,0,0,0,0,0,0
5,1,12/9/13,3879,477,1,0,0,0,0
5,2,12/10/13,4973,574,1,0,0,0,0
5,3,12/11/13,5517,637,1,0,0,0,0
5,4,12/12/13,5048,571,1,0,0,0,0
5,5,12/13/13,5021,573,1,0,0,0,0
5,6,12/14/13,2014,225,1,0,0,0,0
5,7,12/15/13,0,0,0,0,0,0,0
5,1,12/16/13,11692,968,1,1,0,0,0
5,2,12/17/13,9413,812,1,1,0,0,0
5,3,12/18/13,9315,881,1,1,0,0,0
5,4,12/19/13,8331,818,1,1,0,0,0
5,5,12/20/13,8129,782,1,1,0,0,0
5,6,12/21/13,3995,351,1,0,0,0,0
5,7,12/22/13,0,0,0,0,0,0,0
5,1,12/23/13,10877,1081,1,0,1,0,0
5,2,12/24/13,3091,319,1,0,1,0,0
5,3,12/25/13,0,0,0,0,1,0,0
5,4,12/26/13,0,0,0,0,1,0,0
5,5,12/27/13,5516,655,1,0,1,0,0
5,6,12/28/13,2303,266,1,0,0,0,0
5,7,12/29/13,0,0,0,0,0,0,0
5,1,12/30/13,6681,738,1,0,1,0,0
5,2,12/31/13,2009,241,1,0,1,0,0
5,3,1/1/14,0,0,0,0,1,0,0
5,4,1/2/14,4077,550,1,0,1,0,0
5,5,1/3/14,4414,557,1,0,1,0,0
5,6,1/4/14,1711,196,1,0,0,0,0
5,7,1/5/14,0,0,0,0,0,0,0
5,1,1/6/14,8310,811,1,1,0,0,0
5,2,1/7/14,6280,660,1,1,0,0,0
5,3,1/8/14,5966,732,1,1,0,0,0
5,4,1/9/14,4753,545,1,1,0,0,0
5,5,1/10/14,5008,582,1,1,0,0,0
5,6,1/11/14,2035,240,1,0,0,0,0
5,7,1/12/14,0,0,0,0,0,0,0
5,1,1/13/14,3652,511,1,0,0,0,0
5,2,1/14/14,3473,463,1,0,0,0,0
5,3,1/15/14,3837,538,1,0,0,0,0
5,4,1/16/14,3411,464,1,0,0,0,0
5,5,1/17/14,4169,520,1,0,0,0,0
5,6,1/18/14,1940,222,1,0,0,0,0
5,7,1/19/14,0,0,0,0,0,0,0
5,1,1/20/14,7716,705,1,1,0,0,0
5,2,1/21/14,5371,568,1,1,0,0,0
5,3,1/22/14,5042,584,1,1,0,0,0
5,4,1/23/14,4647,521,1,1,0,0,0
5,5,1/24/14,4752,531,1,1,0,0,0
5,6,1/25/14,1662,188,1,0,0,0,0
5,7,1/26/14,0,0,0,0,0,0,0
5,1,1/27/14,3412,453,1,0,0,0,0
5,2,1/28/14,3508,464,1,0,0,0,0
5,3,1/29/14,4409,558,1,0,0,0,0
5,4,1/30/14,3802,485,1,0,0,0,0
5,5,1/31/14,4982,581,1,0,0,0,0
5,6,2/1/14,2138,236,1,0,0,0,0
5,7,2/2/14,0,0,0,0,0,0,0
5,1,2/3/14,8696,799,1,1,0,0,0
5,2,2/4/14,6979,680,1,1,0,0,0
5,3,2/5/14,6486,700,1,1,0,0,0
5,4,2/6/14,5266,567,1,1,0,0,0
5,5,2/7/14,5492,594,1,1,0,0,0
5,6,2/8/14,1910,223,1,0,0,0,0
5,7,2/9/14,0,0,0,0,0,0,0
5,1,2/10/14,4108,541,1,0,0,0,0
5,2,2/11/14,3649,505,1,0,0,0,0
5,3,2/12/14,4475,604,1,0,0,0,0
5,4,2/13/14,3823,488,1,0,0,0,0
5,5,2/14/14,4431,552,1,0,0,0,0
5,6,2/15/14,2165,219,1,0,0,0,0
5,7,2/16/14,0,0,0,0,0,0,0
5,1,2/17/14,7170,728,1,1,1,0,0
5,2,2/18/14,5368,591,1,1,1,0,0
5,3,2/19/14,5307,603,1,1,1,0,0
5,4,2/20/14,5365,592,1,1,1,0,0
5,5,2/21/14,4389,512,1,1,1,0,0
5,6,2/22/14,1975,235,1,0,0,0,0
5,7,2/23/14,0,0,0,0,0,0,0
5,1,2/24/14,3558,480,1,0,1,0,0
5,2,2/25/14,3407,458,1,0,1,0,0
5,3,2/26/14,3568,548,1,0,1,0,0
5,4,2/27/14,3176,460,1,0,1,0,0
5,5,2/28/14,4602,537,1,0,1,0,0
5,6,3/1/14,2170,256,1,0,0,0,0
5,7,3/2/14,0,0,0,0,0,0,0
5,1,3/3/14,7607,768,1,1,0,0,0
5,2,3/4/14,5423,621,1,1,0,0,0
5,3,3/5/14,6208,746,1,1,0,0,0
5,4,3/6/14,4805,564,1,1,0,0,0
5,5,3/7/14,4804,590,1,1,0,0,0
5,6,3/8/14,1991,211,1,0,0,0,0
5,7,3/9/14,0,0,0,0,0,0,0
5,1,3/10/14,3629,499,1,0,0,0,0
5,2,3/11/14,3643,512,1,0,0,0,0
5,3,3/12/14,4031,578,1,0,0,0,0
5,4,3/13/14,3728,463,1,0,0,0,0
5,5,3/14/14,3982,512,1,0,0,0,0
5,6,3/15/14,1895,214,1,0,0,0,0
5,7,3/16/14,0,0,0,0,0,0,0
5,1,3/17/14,7702,777,1,1,0,0,0
5,2,3/18/14,5682,629,1,1,0,0,0
5,3,3/19/14,5031,615,1,1,0,0,0
5,4,3/20/14,4478,502,1,1,0,0,0
5,5,3/21/14,4550,549,1,1,0,0,0
5,6,3/22/14,1740,222,1,0,0,0,0
5,7,3/23/14,0,0,0,0,0,0,0
5,1,3/24/14,3378,444,1,0,0,0,0
5,2,3/25/14,3535,456,1,0,0,0,0
5,3,3/26/14,3622,562,1,0,0,0,0
5,4,3/27/14,3488,453,1,0,0,0,0
5,5,3/28/14,3575,460,1,0,0,0,0
5,6,3/29/14,1747,217,1,0,0,0,0
5,7,3/30/14,0,0,0,0,0,0,0
5,1,3/31/14,7135,748,1,1,0,0,0
5,2,4/1/14,6100,665,1,1,0,0,0
5,3,4/2/14,6260,699,1,1,0,0,0
5,4,4/3/14,4853,605,1,1,0,0,0
5,5,4/4/14,5251,588,1,1,0,0,0
5,6,4/5/14,1911,218,1,0,0,0,0
5,7,4/6/14,0,0,0,0,0,0,0
5,1,4/7/14,4014,557,1,0,0,0,0
5,2,4/8/14,3823,515,1,0,0,0,0
5,3,4/9/14,4013,581,1,0,0,0,0
5,4,4/10/14,3526,475,1,0,0,0,0
5,5,4/11/14,3623,492,1,0,0,0,0
5,6,4/12/14,1423,182,1,0,0,0,0
5,7,4/13/14,0,0,0,0,0,0,0
5,1,4/14/14,7980,711,1,1,0,0,0
5,2,4/15/14,7439,743,1,1,0,0,0
5,3,4/16/14,7722,795,1,1,0,0,0
5,4,4/17/14,6690,743,1,1,0,0,0
5,5,4/18/14,0,0,0,1,1,0,0
5,6,4/19/14,3153,341,1,0,0,0,0
5,7,4/20/14,0,0,0,0,0,0,0
5,1,4/21/14,0,0,0,0,1,0,0
5,2,4/22/14,3615,507,1,0,1,0,0
5,3,4/23/14,3875,562,1,0,1,0,0
5,4,4/24/14,3661,475,1,0,1,0,0
5,5,4/25/14,3659,491,1,0,1,0,0
5,6,4/26/14,1802,221,1,0,0,0,0
5,7,4/27/14,0,0,0,0,0,0,0
5,1,4/28/14,7184,727,1,1,0,0,0
5,2,4/29/14,6274,640,1,1,0,0,0
5,3,4/30/14,6543,783,1,1,0,0,0
5,4,5/1/14,0,0,0,1,0,0,0
5,5,5/2/14,6978,743,1,1,0,0,0
5,6,5/3/14,2061,236,1,0,0,0,0
5,7,5/4/14,0,0,0,0,0,0,0
5,1,5/5/14,7446,791,1,1,0,0,0
5,2,5/6/14,5777,641,1,1,0,0,0
5,3,5/7/14,5795,684,1,1,0,0,0
5,4,5/8/14,5410,623,1,1,0,0,0
5,5,5/9/14,5883,614,1,1,0,0,0
5,6,5/10/14,2350,250,1,0,0,0,0
5,7,5/11/14,0,0,0,0,0,0,0
5,1,5/12/14,4123,514,1,0,0,0,0
5,2,5/13/14,3710,495,1,0,0,0,0
5,3,5/14/14,4207,583,1,0,0,0,0
5,4,5/15/14,3996,499,1,0,0,0,0
5,5,5/16/14,4208,548,1,0,0,0,0
5,6,5/17/14,1698,206,1,0,0,0,0
5,7,5/18/14,0,0,0,0,0,0,0
5,1,5/19/14,7560,727,1,1,0,0,0
5,2,5/20/14,4986,584,1,1,0,0,0
5,3,5/21/14,5035,658,1,1,0,0,0
5,4,5/22/14,4669,544,1,1,0,0,0
5,5,5/23/14,4818,591,1,1,0,0,0
5,6,5/24/14,1888,218,1,0,0,0,0
5,7,5/25/14,0,0,0,0,0,0,0
5,1,5/26/14,3736,523,1,0,0,0,0
5,2,5/27/14,3849,475,1,0,0,0,0
5,3,5/28/14,4613,571,1,0,0,0,0
5,4,5/29/14,0,0,0,0,0,0,0
5,5,5/30/14,5858,673,1,0,1,0,0
5,6,5/31/14,2026,235,1,0,0,0,0
5,7,6/1/14,0,0,0,0,0,0,0
5,1,6/2/14,7860,788,1,1,0,0,0
5,2,6/3/14,5732,645,1,1,0,0,0
5,3,6/4/14,6056,733,1,1,0,0,0
5,4,6/5/14,5247,608,1,1,0,0,0
5,5,6/6/14,5884,641,1,1,0,0,0
5,6,6/7/14,2461,262,1,0,0,0,0
5,7,6/8/14,0,0,0,0,0,0,0
5,1,6/9/14,0,0,0,0,0,0,0
5,2,6/10/14,4196,570,1,0,0,0,0
5,3,6/11/14,3857,560,1,0,0,0,0
5,4,6/12/14,4585,577,1,0,0,0,0
5,5,6/13/14,4176,558,1,0,0,0,0
5,6,6/14/14,1991,237,1,0,0,0,0
5,7,6/15/14,0,0,0,0,0,0,0
5,1,6/16/14,8065,738,1,1,0,0,0
5,2,6/17/14,6171,657,1,1,0,0,0
5,3,6/18/14,5432,679,1,1,0,0,0
5,4,6/19/14,5307,574,1,1,0,0,0
5,5,6/20/14,4741,586,1,1,0,0,0
5,6,6/21/14,1816,215,1,0,0,0,0
5,7,6/22/14,0,0,0,0,0,0,0
5,1,6/23/14,3964,555,1,0,0,0,0
5,2,6/24/14,3748,452,1,0,0,0,0
5,3,6/25/14,4026,557,1,0,0,0,0
5,4,6/26/14,3115,450,1,0,0,0,0
5,5,6/27/14,4264,515,1,0,0,0,0
5,6,6/28/14,2206,241,1,0,0,0,0
5,7,6/29/14,0,0,0,0,0,0,0
5,1,6/30/14,7954,784,1,1,0,0,0
5,2,7/1/14,6407,689,1,1,0,0,0
5,3,7/2/14,6153,710,1,1,0,0,0
5,4,7/3/14,4704,560,1,1,0,0,0
5,5,7/4/14,4886,579,1,1,0,0,0
5,6,7/5/14,2207,233,1,0,0,0,0
5,7,7/6/14,0,0,0,0,0,0,0
5,1,7/7/14,4125,582,1,0,0,0,0
5,2,7/8/14,3704,496,1,0,0,0,0
5,3,7/9/14,4109,587,1,0,0,0,0
5,4,7/10/14,3465,502,1,0,0,0,0
5,5,7/11/14,3991,533,1,0,0,0,0
5,6,7/12/14,2340,264,1,0,0,0,0
5,7,7/13/14,0,0,0,0,0,0,0
5,1,7/14/14,7096,703,1,1,0,0,0
5,2,7/15/14,6197,668,1,1,0,0,0
5,3,7/16/14,6106,743,1,1,0,0,0
5,4,7/17/14,5421,598,1,1,0,0,0
5,5,7/18/14,5480,603,1,1,0,0,0
5,6,7/19/14,1897,237,1,0,0,0,0
5,7,7/20/14,0,0,0,0,0,0,0
5,1,7/21/14,3753,486,1,0,1,0,0
5,2,7/22/14,3537,458,1,0,1,0,0
5,3,7/23/14,4276,592,1,0,1,0,0
5,4,7/24/14,3425,454,1,0,1,0,0
5,5,7/25/14,3747,500,1,0,1,0,0
5,6,7/26/14,2200,236,1,0,0,0,0
5,7,7/27/14,0,0,0,0,0,0,0
5,1,7/28/14,6846,711,1,1,1,0,0
5,2,7/29/14,5283,551,1,1,1,0,0
5,3,7/30/14,5310,649,1,1,1,0,0
5,4,7/31/14,5824,630,1,1,1,0,0
5,5,8/1/14,4381,562,1,1,1,0,0
5,6,8/2/14,1593,220,1,0,0,0,0
5,7,8/3/14,0,0,0,0,0,0,0
5,1,8/4/14,5391,614,1,1,1,0,0
5,2,8/5/14,6108,636,1,1,1,0,0
5,3,8/6/14,5711,680,1,1,1,0,0
5,4,8/7/14,4940,583,1,1,1,0,0
5,5,8/8/14,5051,573,1,1,1,0,0
5,6,8/9/14,1711,205,1,0,0,0,0
5,7,8/10/14,0,0,0,0,0,0,0
5,1,8/11/14,4414,554,1,0,1,0,0
5,2,8/12/14,3831,529,1,0,1,0,0
5,3,8/13/14,4458,592,1,0,1,0,0
5,4,8/14/14,3790,484,1,0,1,0,0
5,5,8/15/14,3667,512,1,0,1,0,0
5,6,8/16/14,1998,228,1,0,0,0,0
5,7,8/17/14,0,0,0,0,0,0,0
5,1,8/18/14,7521,714,1,1,1,0,0
5,2,8/19/14,5784,616,1,1,1,0,0
5,3,8/20/14,5800,684,1,1,1,0,0
5,4,8/21/14,4773,533,1,1,1,0,0
5,5,8/22/14,4956,577,1,1,1,0,0
5,6,8/23/14,1791,217,1,0,0,0,0
5,7,8/24/14,0,0,0,0,0,0,0
5,1,8/25/14,3693,484,1,0,1,0,0
5,2,8/26/14,3623,442,1,0,1,0,0
5,3,8/27/14,4306,590,1,0,1,0,0
5,4,8/28/14,4070,508,1,0,1,0,0
5,5,8/29/14,4860,559,1,0,1,0,0
5,6,8/30/14,2315,240,1,0,0,0,0
5,7,8/31/14,0,0,0,0,0,0,0
5,1,9/1/14,7786,758,1,1,0,0,0
5,2,9/2/14,6226,619,1,1,0,0,0
5,3,9/3/14,5884,654,1,1,0,0,0
5,4,9/4/14,5380,587,1,1,0,0,0
5,5,9/5/14,4686,554,1,1,0,0,0
5,6,9/6/14,2187,234,1,0,0,0,0
5,7,9/7/14,0,0,0,0,0,0,0
5,1,9/8/14,3511,531,1,0,0,0,0
5,2,9/9/14,3624,510,1,0,0,0,0
5,3,9/10/14,4305,590,1,0,0,0,0
5,4,9/11/14,4557,533,1,0,0,0,0
5,5,9/12/14,3869,463,1,0,0,0,0
5,6,9/13/14,2107,214,1,0,0,0,0
5,7,9/14/14,0,0,0,0,0,0,0
5,1,9/15/14,7797,735,1,1,0,0,0
5,2,9/16/14,5438,621,1,1,0,0,0
5,3,9/17/14,5685,651,1,1,0,0,0
5,4,9/18/14,5003,568,1,1,0,0,0
5,5,9/19/14,4899,598,1,1,0,0,0
5,6,9/20/14,1946,218,1,0,0,0,0
5,7,9/21/14,0,0,0,0,0,0,0
5,1,9/22/14,4039,535,1,0,0,0,0
5,2,9/23/14,3338,481,1,0,0,0,0
5,3,9/24/14,4265,588,1,0,0,0,0
5,4,9/25/14,3629,475,1,0,0,0,0
5,5,9/26/14,3660,469,1,0,0,0,0
5,6,9/27/14,2000,215,1,0,0,0,0
5,7,9/28/14,0,0,0,0,0,0,0
5,1,9/29/14,6274,645,1,1,0,0,0
5,2,9/30/14,6633,676,1,1,0,0,0
5,3,10/1/14,6384,732,1,1,0,0,0
5,4,10/2/14,5994,686,1,1,0,0,0
5,5,10/3/14,0,0,0,1,0,0,0
5,6,10/4/14,2692,292,1,0,0,0,0
5,7,10/5/14,0,0,0,0,0,0,0
5,1,10/6/14,7688,775,1,1,0,0,0
5,2,10/7/14,6693,668,1,1,0,0,0
5,3,10/8/14,5399,666,1,1,0,0,0
5,4,10/9/14,5469,592,1,1,0,0,0
5,5,10/10/14,5138,591,1,1,0,0,0
5,6,10/11/14,1837,233,1,0,0,0,0
5,7,10/12/14,0,0,0,0,0,0,0
5,1,10/13/14,4127,571,1,0,0,0,0
5,2,10/14/14,3640,481,1,0,0,0,0
5,3,10/15/14,4486,612,1,0,0,0,0
5,4,10/16/14,3653,485,1,0,0,0,0
5,5,10/17/14,4499,544,1,0,0,0,0
5,6,10/18/14,2441,276,1,0,0,0,0
5,7,10/19/14,0,0,0,0,0,0,0
5,1,10/20/14,6096,638,1,1,1,0,0
5,2,10/21/14,5310,589,1,1,1,0,0
5,3,10/22/14,4628,500,1,1,1,0,0
5,4,10/23/14,4179,488,1,1,1,0,0
5,5,10/24/14,4878,581,1,1,1,0,0
5,6,10/25/14,1697,205,1,0,0,0,0
5,7,10/26/14,0,0,0,0,0,0,0
5,1,10/27/14,3687,491,1,0,1,0,0
5,2,10/28/14,3504,458,1,0,1,0,0
5,3,10/29/14,3944,546,1,0,1,0,0
5,4,10/30/14,5141,633,1,0,1,0,0
5,5,10/31/14,0,0,0,0,1,0,0
5,6,11/1/14,2817,314,1,0,0,0,0
5,7,11/2/14,0,0,0,0,0,0,0
5,1,11/3/14,8274,792,1,1,0,0,0
5,2,11/4/14,6836,708,1,1,0,0,0
5,3,11/5/14,5913,674,1,1,0,0,0
5,4,11/6/14,5264,540,1,1,0,0,0
5,5,11/7/14,5284,592,1,1,0,0,0
5,6,11/8/14,2280,244,1,0,0,0,0
5,7,11/9/14,0,0,0,0,0,0,0
5,1,11/10/14,6540,689,1,1,0,0,0
5,2,11/11/14,5736,623,1,1,0,0,0
5,3,11/12/14,5903,711,1,1,0,0,0
5,4,11/13/14,5013,576,1,1,0,0,0
5,5,11/14/14,5199,568,1,1,0,0,0
5,6,11/15/14,2146,259,1,0,0,0,0
5,7,11/16/14,0,0,0,0,0,0,0
5,1,11/17/14,4564,594,1,0,0,0,0
5,2,11/18/14,4530,586,1,0,0,0,0
5,3,11/19/14,0,0,0,0,0,0,0
5,4,11/20/14,5291,624,1,0,0,0,0
5,5,11/21/14,4456,539,1,0,0,0,0
5,6,11/22/14,2225,223,1,0,0,0,0
5,7,11/23/14,0,0,0,0,0,0,0
5,1,11/24/14,7528,737,1,1,0,0,0
5,2,11/25/14,6338,641,1,1,0,0,0
5,3,11/26/14,6187,688,1,1,0,0,0
5,4,11/27/14,5670,589,1,1,0,0,0
5,5,11/28/14,6875,689,1,1,0,0,0
5,6,11/29/14,2435,270,1,0,0,0,0
5,7,11/30/14,0,0,0,0,0,0,0
5,1,12/1/14,8580,783,1,1,0,0,0
5,2,12/2/14,7180,688,1,1,0,0,0
5,3,12/3/14,6096,652,1,1,0,0,0
5,4,12/4/14,5792,602,1,1,0,0,0
5,5,12/5/14,7606,744,1,1,0,0,0
5,6,12/6/14,3054,392,1,0,0,0,0
5,7,12/7/14,0,0,0,0,0,0,0
5,1,12/8/14,4989,598,1,0,0,0,0
5,2,12/9/14,5183,587,1,0,0,0,0
5,3,12/10/14,5345,602,1,0,0,0,0
5,4,12/11/14,4929,544,1,0,0,0,0
5,5,12/12/14,5355,583,1,0,0,0,0
5,6,12/13/14,2572,281,1,0,0,0,0
5,7,12/14/14,0,0,0,0,0,0,0
5,1,12/15/14,10870,907,1,1,0,0,0
5,2,12/16/14,8665,764,1,1,0,0,0
5,3,12/17/14,8758,799,1,1,0,0,0
5,4,12/18/14,7726,750,1,1,0,0,0
5,5,12/19/14,7085,721,1,1,0,0,0
5,6,12/20/14,3912,346,1,0,0,0,0
5,7,12/21/14,0,0,0,0,0,0,0
5,1,12/22/14,8765,950,1,0,1,0,0
5,2,12/23/14,9164,876,1,0,1,0,0
5,3,12/24/14,2850,311,1,0,1,0,0
5,4,12/25/14,0,0,0,0,1,0,0
5,5,12/26/14,0,0,0,0,1,0,0
5,6,12/27/14,2847,317,1,0,0,0,0
5,7,12/28/14,0,0,0,0,0,0,0
5,1,12/29/14,4646,573,1,0,1,0,0
5,2,12/30/14,5056,585,1,0,1,0,0
5,3,12/31/14,1830,217,1,0,1,0,0
5,4,1/1/15,0,0,0,0,1,0,0
5,5,1/2/15,4773,509,1,0,1,0,0
5,6,1/3/15,2109,230,1,0,0,0,0
5,7,1/4/15,0,0,0,0,0,0,0
5,1,1/5/15,7314,749,1,1,0,0,0
5,2,1/6/15,6123,658,1,1,0,0,0
5,3,1/7/15,5264,609,1,1,0,0,0
5,4,1/8/15,4800,513,1,1,0,0,0
5,5,1/9/15,4780,560,1,1,0,0,0
5,6,1/10/15,2169,229,1,0,0,0,0
5,7,1/11/15,0,0,0,0,0,0,0
5,1,1/12/15,7523,725,1,1,0,0,0
5,2,1/13/15,5748,643,1,1,0,0,0
5,3,1/14/15,5219,595,1,1,0,0,0
5,4,1/15/15,5101,563,1,1,0,0,0
5,5,1/16/15,5177,582,1,1,0,0,0
5,6,1/17/15,1743,201,1,0,0,0,0
5,7,1/18/15,0,0,0,0,0,0,0
5,1,1/19/15,4195,549,1,0,0,0,0
5,2,1/20/15,3701,485,1,0,0,0,0
5,3,1/21/15,4025,553,1,0,0,0,0
5,4,1/22/15,3570,454,1,0,0,0,0
5,5,1/23/15,3962,476,1,0,0,0,0
5,6,1/24/15,1911,207,1,0,0,0,0
5,7,1/25/15,0,0,0,0,0,0,0
5,1,1/26/15,6277,659,1,1,0,0,0
5,2,1/27/15,5505,569,1,1,0,0,0
5,3,1/28/15,5372,641,1,1,0,0,0
5,4,1/29/15,4932,517,1,1,0,0,0
5,5,1/30/15,5640,617,1,1,0,0,0
5,6,1/31/15,2110,228,1,0,0,0,0
5,7,2/1/15,0,0,0,0,0,0,0
5,1,2/2/15,7407,744,1,1,0,0,0
5,2,2/3/15,6231,625,1,1,0,0,0
5,3,2/4/15,5656,640,1,1,0,0,0
5,4,2/5/15,5011,541,1,1,0,0,0
5,5,2/6/15,5209,582,1,1,0,0,0
5,6,2/7/15,2064,229,1,0,0,0,0
5,7,2/8/15,0,0,0,0,0,0,0
5,1,2/9/15,3294,442,1,0,1,0,0
5,2,2/10/15,3912,512,1,0,1,0,0
5,3,2/11/15,3862,559,1,0,1,0,0
5,4,2/12/15,3852,453,1,0,1,0,0
5,5,2/13/15,4617,542,1,0,1,0,0
5,6,2/14/15,2162,254,1,0,0,0,0
5,7,2/15/15,0,0,0,0,0,0,0
5,1,2/16/15,7566,708,1,1,1,0,0
5,2,2/17/15,5433,584,1,1,1,0,0
5,3,2/18/15,5389,630,1,1,1,0,0
5,4,2/19/15,4839,568,1,1,1,0,0
5,5,2/20/15,4658,555,1,1,1,0,0
5,6,2/21/15,1752,199,1,0,0,0,0
5,7,2/22/15,0,0,0,0,0,0,0
5,1,2/23/15,3742,502,1,0,0,0,0
5,2,2/24/15,3848,525,1,0,0,0,0
5,3,2/25/15,4179,553,1,0,0,0,0
5,4,2/26/15,3560,475,1,0,0,0,0
5,5,2/27/15,4548,541,1,0,0,0,0
5,6,2/28/15,2274,244,1,0,0,0,0
5,7,3/1/15,0,0,0,0,0,0,0
5,1,3/2/15,7524,797,1,1,0,0,0
5,2,3/3/15,6036,632,1,1,0,0,0
5,3,3/4/15,6407,697,1,1,0,0,0
5,4,3/5/15,4692,538,1,1,0,0,0
5,5,3/6/15,5221,580,1,1,0,0,0
5,6,3/7/15,1689,191,1,0,0,0,0
5,7,3/8/15,0,0,0,0,0,0,0
5,1,3/9/15,4264,555,1,0,0,0,0
5,2,3/10/15,3935,528,1,0,0,0,0
5,3,3/11/15,3985,568,1,0,0,0,0
5,4,3/12/15,3580,481,1,0,0,0,0
5,5,3/13/15,4146,494,1,0,0,0,0
5,6,3/14/15,2042,204,1,0,0,0,0
5,7,3/15/15,0,0,0,0,0,0,0
5,1,3/16/15,7237,718,1,1,0,0,0
5,2,3/17/15,5555,601,1,1,0,0,0
5,3,3/18/15,5261,634,1,1,0,0,0
5,4,3/19/15,4720,554,1,1,0,0,0
5,5,3/20/15,4709,554,1,1,0,0,0
5,6,3/21/15,1783,201,1,0,0,0,0
5,7,3/22/15,0,0,0,0,0,0,0
5,1,3/23/15,4028,540,1,0,0,0,0
5,2,3/24/15,4073,537,1,0,0,0,0
5,3,3/25/15,4325,613,1,0,0,0,0
5,4,3/26/15,3711,460,1,0,0,0,0
5,5,3/27/15,4181,499,1,0,0,0,0
5,6,3/28/15,2038,219,1,0,0,0,0
5,7,3/29/15,0,0,0,0,0,0,0
5,1,3/30/15,8847,770,1,1,0,0,0
5,2,3/31/15,7692,659,1,1,0,0,0
5,3,4/1/15,7720,773,1,1,0,0,0
5,4,4/2/15,6321,667,1,1,1,0,0
5,5,4/3/15,0,0,0,1,1,0,0
5,6,4/4/15,3248,351,1,0,0,0,0
5,7,4/5/15,0,0,0,0,0,0,0
5,1,4/6/15,0,0,0,0,1,0,0
5,2,4/7/15,4713,612,1,0,1,0,0
5,3,4/8/15,4191,550,1,0,1,0,0
5,4,4/9/15,3704,512,1,0,1,0,0
5,5,4/10/15,4064,514,1,0,1,0,0
5,6,4/11/15,1945,222,1,0,0,0,0
5,7,4/12/15,0,0,0,0,0,0,0
5,1,4/13/15,7213,727,1,1,0,0,0
5,2,4/14/15,6132,660,1,1,0,0,0
5,3,4/15/15,6071,681,1,1,0,0,0
5,4,4/16/15,5404,579,1,1,0,0,0
5,5,4/17/15,5098,578,1,1,0,0,0
5,6,4/18/15,1828,230,1,0,0,0,0
5,7,4/19/15,0,0,0,0,0,0,0
5,1,4/20/15,3797,525,1,0,0,0,0
5,2,4/21/15,3388,479,1,0,0,0,0
5,3,4/22/15,4121,562,1,0,0,0,0
5,4,4/23/15,3586,495,1,0,0,0,0
5,5,4/24/15,3516,487,1,0,0,0,0
5,6,4/25/15,2015,224,1,0,0,0,0
5,7,4/26/15,0,0,0,0,0,0,0
5,1,4/27/15,6858,670,1,1,0,0,0
5,2,4/28/15,6012,580,1,1,0,0,0
5,3,4/29/15,6366,717,1,1,0,0,0
5,4,4/30/15,6598,729,1,1,0,0,0
5,5,5/1/15,0,0,0,1,0,0,0
5,6,5/2/15,3182,327,1,0,0,0,0
5,7,5/3/15,0,0,0,0,0,0,0
5,1,5/4/15,7503,754,1,1,0,0,0
5,2,5/5/15,6315,626,1,1,0,0,0
5,3,5/6/15,5795,660,1,1,0,0,0
5,4,5/7/15,4897,577,1,1,0,0,0
5,5,5/8/15,5301,610,1,1,0,0,0
5,6,5/9/15,2354,254,1,0,0,0,0
5,7,5/10/15,0,0,0,0,0,0,0
5,1,5/11/15,4305,517,1,0,0,0,0
5,2,5/12/15,4438,562,1,0,0,0,0
5,3,5/13/15,5414,692,1,0,0,0,0
5,4,5/14/15,0,0,0,0,0,0,0
5,5,5/15/15,4746,592,1,0,1,0,0
5,6,5/16/15,1997,221,1,0,0,0,0
5,7,5/17/15,0,0,0,0,0,0,0
5,1,5/18/15,7173,707,1,1,0,0,0
5,2,5/19/15,5957,634,1,1,0,0,0
5,3,5/20/15,5697,668,1,1,0,0,0
5,4,5/21/15,4660,547,1,1,0,0,0
5,5,5/22/15,4813,582,1,1,0,0,0
5,6,5/23/15,2151,236,1,0,0,0,0
5,7,5/24/15,0,0,0,0,0,0,0
5,1,5/25/15,0,0,0,0,0,0,0
5,2,5/26/15,4567,570,1,0,0,0,0
5,3,5/27/15,4431,571,1,0,0,0,0
5,4,5/28/15,4134,513,1,0,0,0,0
5,5,5/29/15,5833,651,1,0,0,0,0
5,6,5/30/15,2533,251,1,0,0,0,0
5,7,5/31/15,0,0,0,0,0,0,0
5,1,6/1/15,8396,778,1,1,0,0,0
5,2,6/2/15,6416,686,1,1,0,0,0
5,3,6/3/15,5703,674,1,1,0,0,0
5,4,6/4/15,5807,625,1,1,0,0,0
5,5,6/5/15,5431,595,1,1,0,0,0
5,6,6/6/15,1838,236,1,0,0,0,0
5,7,6/7/15,0,0,0,0,0,0,0
5,1,6/8/15,4260,558,1,0,0,0,0
5,2,6/9/15,3999,522,1,0,0,0,0
5,3,6/10/15,4191,557,1,0,0,0,0
5,4,6/11/15,4082,507,1,0,0,0,0
5,5,6/12/15,4329,500,1,0,0,0,0
5,6,6/13/15,2156,234,1,0,0,0,0
5,7,6/14/15,0,0,0,0,0,0,0
5,1,6/15/15,7808,747,1,1,0,0,0
5,2,6/16/15,6354,671,1,1,0,0,0
5,3,6/17/15,5632,651,1,1,0,0,0
5,4,6/18/15,4924,545,1,1,0,0,0
5,5,6/19/15,5711,610,1,1,0,0,0
5,6,6/20/15,2088,210,1,0,0,0,0
5,7,6/21/15,0,0,0,0,0,0,0
5,1,6/22/15,3827,497,1,0,0,0,0
5,2,6/23/15,3697,475,1,0,0,0,0
5,3,6/24/15,4134,561,1,0,0,0,0
5,4,6/25/15,3325,472,1,0,0,0,0
5,5,6/26/15,3799,460,1,0,0,0,0
5,6,6/27/15,1876,203,1,0,0,0,0
5,7,6/28/15,0,0,0,0,0,0,0
5,1,6/29/15,7623,668,1,1,0,0,0
5,2,6/30/15,6635,645,1,1,0,0,0
5,3,7/1/15,6253,717,1,1,0,0,0
5,4,7/2/15,6035,613,1,1,0,0,0
5,5,7/3/15,4475,527,1,1,0,0,0
5,6,7/4/15,2240,225,1,0,0,0,0
5,7,7/5/15,0,0,0,0,0,0,0
5,1,7/6/15,4328,543,1,0,0,0,0
5,2,7/7/15,4036,507,1,0,0,0,0
5,3,7/8/15,4990,639,1,0,0,0,0
5,4,7/9/15,4601,540,1,0,0,0,0
5,5,7/10/15,4252,530,1,0,0,0,0
5,6,7/11/15,2023,228,1,0,0,0,0
5,7,7/12/15,0,0,0,0,0,0,0
5,1,7/13/15,7425,719,1,1,1,0,0
5,2,7/14/15,6144,607,1,1,1,0,0
5,3,7/15/15,6323,716,1,1,1,0,0
5,4,7/16/15,4963,571,1,1,1,0,0
5,5,7/17/15,4355,513,1,1,1,0,0
5,6,7/18/15,2108,241,1,0,0,0,0
5,7,7/19/15,0,0,0,0,0,0,0
5,1,7/20/15,4183,530,1,0,1,0,0
5,2,7/21/15,3497,445,1,0,1,0,0
5,3,7/22/15,3595,503,1,0,1,0,0
5,4,7/23/15,3713,455,1,0,1,0,0
5,5,7/24/15,3815,485,1,0,1,0,0
5,6,7/25/15,2030,228,1,0,0,0,0
5,7,7/26/15,0,0,0,0,0,0,0
5,1,7/27/15,7059,650,1,1,1,0,0
5,2,7/28/15,6083,598,1,1,1,0,0
5,3,7/29/15,5899,658,1,1,1,0,0
5,4,7/30/15,4943,539,1,1,1,0,0
5,5,7/31/15,4822,559,1,1,1,0,0
6,2,1/1/13,0,0,0,0,1,0,0
6,3,1/2/13,6089,781,1,0,1,0,0
6,4,1/3/13,5398,689,1,0,0,0,0
6,5,1/4/13,6092,724,1,0,0,0,0
6,6,1/5/13,3872,467,1,0,0,0,0
6,7,1/6/13,0,0,0,0,0,0,0
6,1,1/7/13,8591,947,1,1,0,0,0
6,2,1/8/13,7099,774,1,1,0,0,0
6,3,1/9/13,6749,834,1,1,0,0,0
6,4,1/10/13,6282,737,1,1,0,0,0
6,5,1/11/13,6829,766,1,1,0,0,0
6,6,1/12/13,3829,432,1,0,0,0,0
6,7,1/13/13,0,0,0,0,0,0,0
6,1,1/14/13,5908,759,1,0,0,0,0
6,2,1/15/13,5861,759,1,0,0,0,0
6,3,1/16/13,4454,614,1,0,0,0,0
6,4,1/17/13,5235,665,1,0,0,0,0
6,5,1/18/13,5553,673,1,0,0,0,0
6,6,1/19/13,3702,417,1,0,0,0,0
6,7,1/20/13,0,0,0,0,0,0,0
6,1,1/21/13,6764,791,1,1,0,0,0
6,2,1/22/13,7066,798,1,1,0,0,0
6,3,1/23/13,7343,801,1,1,0,0,0
6,4,1/24/13,5844,678,1,1,0,0,0
6,5,1/25/13,6433,746,1,1,0,0,0
6,6,1/26/13,3443,388,1,0,0,0,0
6,7,1/27/13,0,0,0,0,0,0,0
6,1,1/28/13,6209,772,1,0,0,0,0
6,2,1/29/13,5411,641,1,0,0,0,0
6,3,1/30/13,5751,708,1,0,0,0,0
6,4,1/31/13,6458,755,1,0,0,0,0
6,5,2/1/13,6601,786,1,0,0,0,0
6,6,2/2/13,3927,425,1,0,0,0,0
6,7,2/3/13,0,0,0,0,0,0,0
6,1,2/4/13,7954,898,1,1,1,0,0
6,2,2/5/13,7334,804,1,1,1,0,0
6,3,2/6/13,6871,760,1,1,1,0,0
6,4,2/7/13,6193,716,1,1,1,0,0
6,5,2/8/13,6623,716,1,1,1,0,0
6,6,2/9/13,3851,438,1,0,0,0,0
6,7,2/10/13,0,0,0,0,0,0,0
6,1,2/11/13,5695,734,1,0,1,0,0
6,2,2/12/13,5119,650,1,0,1,0,0
6,3,2/13/13,4804,630,1,0,1,0,0
6,4,2/14/13,5056,645,1,0,1,0,0
6,5,2/15/13,5215,675,1,0,1,0,0
6,6,2/16/13,3779,446,1,0,0,0,0
6,7,2/17/13,0,0,0,0,0,0,0
6,1,2/18/13,8262,873,1,1,0,0,0
6,2,2/19/13,6450,746,1,1,0,0,0
6,3,2/20/13,6535,741,1,1,0,0,0
6,4,2/21/13,6252,697,1,1,0,0,0
6,5,2/22/13,6796,741,1,1,0,0,0
6,6,2/23/13,3403,378,1,0,0,0,0
6,7,2/24/13,0,0,0,0,0,0,0
6,1,2/25/13,5660,773,1,0,0,0,0
6,2,2/26/13,5471,718,1,0,0,0,0
6,3,2/27/13,5280,684,1,0,0,0,0
6,4,2/28/13,6524,769,1,0,0,0,0
6,5,3/1/13,6755,759,1,0,0,0,0
6,6,3/2/13,4257,462,1,0,0,0,0
6,7,3/3/13,0,0,0,0,0,0,0
6,1,3/4/13,8596,996,1,1,0,0,0
6,2,3/5/13,8057,887,1,1,0,0,0
6,3,3/6/13,7243,812,1,1,0,0,0
6,4,3/7/13,6867,799,1,1,0,0,0
6,5,3/8/13,6630,764,1,1,0,0,0
6,6,3/9/13,3450,412,1,0,0,0,0
6,7,3/10/13,0,0,0,0,0,0,0
6,1,3/11/13,5680,724,1,0,0,0,0
6,2,3/12/13,5579,646,1,0,0,0,0
6,3,3/13/13,5129,654,1,0,0,0,0
6,4,3/14/13,5697,697,1,0,0,0,0
6,5,3/15/13,5838,721,1,0,0,0,0
6,6,3/16/13,3750,434,1,0,0,0,0
6,7,3/17/13,0,0,0,0,0,0,0
6,1,3/18/13,7907,920,1,1,0,0,0
6,2,3/19/13,6603,768,1,1,0,0,0
6,3,3/20/13,7506,840,1,1,0,0,0
6,4,3/21/13,6335,727,1,1,0,0,0
6,5,3/22/13,6745,758,1,1,0,0,0
6,6,3/23/13,3582,407,1,0,0,0,0
6,7,3/24/13,0,0,0,0,0,0,0
6,1,3/25/13,8285,907,1,1,0,0,0
6,2,3/26/13,8286,898,1,1,0,0,0
6,3,3/27/13,8296,921,1,1,0,0,0
6,4,3/28/13,10228,1096,1,1,0,0,0
6,5,3/29/13,0,0,0,1,1,0,0
6,6,3/30/13,5249,610,1,0,0,0,0
6,7,3/31/13,0,0,0,0,0,0,0
6,1,4/1/13,0,0,0,0,1,0,0
6,2,4/2/13,7028,854,1,0,1,0,0
6,3,4/3/13,6066,757,1,0,1,0,0
6,4,4/4/13,5359,687,1,0,1,0,0
6,5,4/5/13,5798,730,1,0,1,0,0
6,6,4/6/13,3297,415,1,0,0,0,0
6,7,4/7/13,0,0,0,0,0,0,0
6,1,4/8/13,7883,900,1,1,0,0,0
6,2,4/9/13,7676,849,1,1,0,0,0
6,3,4/10/13,6645,763,1,1,0,0,0
6,4,4/11/13,6389,759,1,1,0,0,0
6,5,4/12/13,6520,759,1,1,0,0,0
6,6,4/13/13,3121,389,1,0,0,0,0
6,7,4/14/13,0,0,0,0,0,0,0
6,1,4/15/13,5683,748,1,0,0,0,0
6,2,4/16/13,5641,727,1,0,0,0,0
6,3,4/17/13,5758,728,1,0,0,0,0
6,4,4/18/13,5156,700,1,0,0,0,0
6,5,4/19/13,5872,774,1,0,0,0,0
6,6,4/20/13,4166,452,1,0,0,0,0
6,7,4/21/13,0,0,0,0,0,0,0
6,1,4/22/13,8100,935,1,1,0,0,0
6,2,4/23/13,7543,855,1,1,0,0,0
6,3,4/24/13,6514,774,1,1,0,0,0
6,4,4/25/13,6212,748,1,1,0,0,0
6,5,4/26/13,6598,772,1,1,0,0,0
6,6,4/27/13,3346,394,1,0,0,0,0
6,7,4/28/13,0,0,0,0,0,0,0
6,1,4/29/13,8088,930,1,1,0,0,0
6,2,4/30/13,9810,1023,1,1,0,0,0
6,3,5/1/13,0,0,0,1,0,0,0
6,4,5/2/13,8943,988,1,1,0,0,0
6,5,5/3/13,8164,918,1,1,0,0,0
6,6,5/4/13,3620,430,1,0,0,0,0
6,7,5/5/13,0,0,0,0,0,0,0
6,1,5/6/13,5918,774,1,0,0,0,0
6,2,5/7/13,6581,810,1,0,0,0,0
6,3,5/8/13,7143,897,1,0,0,0,0
6,4,5/9/13,0,0,0,0,0,0,0
6,5,5/10/13,6355,719,1,0,1,0,0
6,6,5/11/13,4094,467,1,0,0,0,0
6,7,5/12/13,0,0,0,0,0,0,0
6,1,5/13/13,8389,979,1,1,0,0,0
6,2,5/14/13,7179,849,1,1,0,0,0
6,3,5/15/13,7219,834,1,1,0,0,0
6,4,5/16/13,6902,792,1,1,0,0,0
6,5,5/17/13,7346,838,1,1,0,0,0
6,6,5/18/13,3822,434,1,0,0,0,0
6,7,5/19/13,0,0,0,0,0,0,0
6,1,5/20/13,0,0,0,0,1,0,0
6,2,5/21/13,7053,864,1,0,1,0,0
6,3,5/22/13,5498,686,1,0,1,0,0
6,4,5/23/13,6249,763,1,0,0,0,0
6,5,5/24/13,6397,780,1,0,0,0,0
6,6,5/25/13,4100,449,1,0,0,0,0
6,7,5/26/13,0,0,0,0,0,0,0
6,1,5/27/13,7806,864,1,1,0,0,0
6,2,5/28/13,6508,749,1,1,0,0,0
6,3,5/29/13,6571,779,1,1,0,0,0
6,4,5/30/13,6594,742,1,1,0,0,0
6,5,5/31/13,9521,1003,1,1,0,0,0
6,6,6/1/13,4282,445,1,0,0,0,0
6,7,6/2/13,0,0,0,0,0,0,0
6,1,6/3/13,7155,768,1,1,0,0,0
6,2,6/4/13,7563,807,1,1,0,0,0
6,3,6/5/13,7138,780,1,1,0,0,0
6,4,6/6/13,6780,781,1,1,0,0,0
6,5,6/7/13,7755,907,1,1,0,0,0
6,6,6/8/13,4357,475,1,0,0,0,0
6,7,6/9/13,0,0,0,0,0,0,0
6,1,6/10/13,6669,815,1,0,0,0,0
6,2,6/11/13,6184,768,1,0,0,0,0
6,3,6/12/13,6109,781,1,0,0,0,0
6,4,6/13/13,5472,731,1,0,0,0,0
6,5,6/14/13,6440,744,1,0,0,0,0
6,6,6/15/13,3951,448,1,0,0,0,0
6,7,6/16/13,0,0,0,0,0,0,0
6,1,6/17/13,7995,931,1,1,0,0,0
6,2,6/18/13,7317,794,1,1,0,0,0
6,3,6/19/13,6975,797,1,1,0,0,0
6,4,6/20/13,6298,765,1,1,0,0,0
6,5,6/21/13,7285,831,1,1,0,0,0
6,6,6/22/13,4501,501,1,0,0,0,0
6,7,6/23/13,0,0,0,0,0,0,0
6,1,6/24/13,6394,783,1,0,0,0,0
6,2,6/25/13,4942,626,1,0,0,0,0
6,3,6/26/13,5938,717,1,0,0,0,0
6,4,6/27/13,5988,715,1,0,0,0,0
6,5,6/28/13,7437,842,1,0,0,0,0
6,6,6/29/13,4460,459,1,0,0,0,0
6,7,6/30/13,0,0,0,0,0,0,0
6,1,7/1/13,9914,1037,1,1,0,0,0
6,2,7/2/13,7909,841,1,1,0,0,0
6,3,7/3/13,7496,825,1,1,0,0,0
6,4,7/4/13,6871,787,1,1,0,0,0
6,5,7/5/13,6723,807,1,1,0,0,0
6,6,7/6/13,3912,459,1,0,0,0,0
6,7,7/7/13,0,0,0,0,0,0,0
6,1,7/8/13,7090,843,1,0,0,0,0
6,2,7/9/13,5749,735,1,0,0,0,0
6,3,7/10/13,5765,722,1,0,0,0,0
6,4,7/11/13,5796,704,1,0,0,0,0
6,5,7/12/13,6575,784,1,0,0,0,0
6,6,7/13/13,4178,451,1,0,0,0,0
6,7,7/14/13,0,0,0,0,0,0,0
6,1,7/15/13,8493,918,1,1,1,0,0
6,2,7/16/13,7554,809,1,1,1,0,0
6,3,7/17/13,6913,790,1,1,1,0,0
6,4,7/18/13,6576,775,1,1,1,0,0
6,5,7/19/13,7280,823,1,1,1,0,0
6,6,7/20/13,3817,432,1,0,0,0,0
6,7,7/21/13,0,0,0,0,0,0,0
6,1,7/22/13,6092,753,1,0,1,0,0
6,2,7/23/13,5706,715,1,0,1,0,0
6,3,7/24/13,5702,693,1,0,1,0,0
6,4,7/25/13,5203,673,1,0,1,0,0
6,5,7/26/13,5370,666,1,0,1,0,0
6,6,7/27/13,3365,375,1,0,0,0,0
6,7,7/28/13,0,0,0,0,0,0,0
6,1,7/29/13,7860,856,1,1,1,0,0
6,2,7/30/13,7285,821,1,1,1,0,0
6,3,7/31/13,8941,904,1,1,1,0,0
6,4,8/1/13,7614,884,1,1,1,0,0
6,5,8/2/13,7097,804,1,1,1,0,0
6,6,8/3/13,3869,437,1,0,0,0,0
6,7,8/4/13,0,0,0,0,0,0,0
6,1,8/5/13,6104,798,1,0,1,0,0
6,2,8/6/13,5376,695,1,0,1,0,0
6,3,8/7/13,5704,705,1,0,1,0,0
6,4,8/8/13,5490,674,1,0,1,0,0
6,5,8/9/13,5659,631,1,0,1,0,0
6,6,8/10/13,3693,412,1,0,0,0,0
6,7,8/11/13,0,0,0,0,0,0,0
6,1,8/12/13,7464,862,1,1,1,0,0
6,2,8/13/13,6352,744,1,1,1,0,0
6,3,8/14/13,7249,825,1,1,1,0,0
6,4,8/15/13,6217,777,1,1,1,0,0
6,5,8/16/13,6380,783,1,1,1,0,0
6,6,8/17/13,3491,401,1,0,0,0,0
6,7,8/18/13,0,0,0,0,0,0,0
6,1,8/19/13,5933,748,1,0,1,0,0
6,2,8/20/13,5391,693,1,0,1,0,0
6,3,8/21/13,5685,721,1,0,1,0,0
6,4,8/22/13,5365,714,1,0,1,0,0
6,5,8/23/13,5853,746,1,0,1,0,0
6,6,8/24/13,3638,410,1,0,0,0,0
6,7,8/25/13,0,0,0,0,0,0,0
6,1,8/26/13,7736,887,1,1,0,0,0
6,2,8/27/13,7031,824,1,1,0,0,0
6,3,8/28/13,6443,767,1,1,0,0,0
6,4,8/29/13,6362,764,1,1,0,0,0
6,5,8/30/13,8711,946,1,1,0,0,0
6,6,8/31/13,3929,441,1,0,0,0,0
6,7,9/1/13,0,0,0,0,0,0,0
6,1,9/2/13,6533,827,1,0,0,0,0
6,2,9/3/13,5940,726,1,0,0,0,0
6,3,9/4/13,6322,770,1,0,0,0,0
6,4,9/5/13,5564,692,1,0,0,0,0
6,5,9/6/13,6108,747,1,0,0,0,0
6,6,9/7/13,3465,399,1,0,0,0,0
6,7,9/8/13,0,0,0,0,0,0,0
6,1,9/9/13,8207,882,1,1,0,0,0
6,2,9/10/13,7267,797,1,1,0,0,0
6,3,9/11/13,7434,831,1,1,0,0,0
6,4,9/12/13,6728,796,1,1,0,0,0
6,5,9/13/13,7310,775,1,1,0,0,0
6,6,9/14/13,3408,422,1,0,0,0,0
6,7,9/15/13,0,0,0,0,0,0,0
6,1,9/16/13,5625,750,1,0,0,0,0
6,2,9/17/13,5448,742,1,0,0,0,0
6,3,9/18/13,5013,662,1,0,0,0,0
6,4,9/19/13,5521,705,1,0,0,0,0
6,5,9/20/13,5424,674,1,0,0,0,0
6,6,9/21/13,3601,416,1,0,0,0,0
6,7,9/22/13,0,0,0,0,0,0,0
6,1,9/23/13,8462,909,1,1,0,0,0
6,2,9/24/13,7593,839,1,1,0,0,0
6,3,9/25/13,6689,787,1,1,0,0,0
6,4,9/26/13,5579,647,1,1,0,0,0
6,5,9/27/13,7168,834,1,1,0,0,0
6,6,9/28/13,3605,386,1,0,0,0,0
6,7,9/29/13,0,0,0,0,0,0,0
6,1,9/30/13,7368,895,1,0,0,0,0
6,2,10/1/13,6953,861,1,0,0,0,0
6,3,10/2/13,7239,881,1,0,0,0,0
6,4,10/3/13,0,0,0,0,0,0,0
6,5,10/4/13,7090,777,1,0,0,0,0
6,6,10/5/13,4016,469,1,0,0,0,0
6,7,10/6/13,0,0,0,0,0,0,0
6,1,10/7/13,9003,962,1,1,0,0,0
6,2,10/8/13,7720,861,1,1,0,0,0
6,3,10/9/13,7411,830,1,1,0,0,0
6,4,10/10/13,6387,689,1,1,0,0,0
6,5,10/11/13,7332,774,1,1,0,0,0
6,6,10/12/13,4319,444,1,0,0,0,0
6,7,10/13/13,0,0,0,0,0,0,0
6,1,10/14/13,6100,762,1,0,0,0,0
6,2,10/15/13,6328,790,1,0,0,0,0
6,3,10/16/13,5991,698,1,0,0,0,0
6,4,10/17/13,5722,710,1,0,0,0,0
6,5,10/18/13,5646,713,1,0,0,0,0
6,6,10/19/13,3411,393,1,0,0,0,0
6,7,10/20/13,0,0,0,0,0,0,0
6,1,10/21/13,8085,901,1,1,1,0,0
6,2,10/22/13,6422,727,1,1,1,0,0
6,3,10/23/13,6275,727,1,1,1,0,0
6,4,10/24/13,5975,743,1,1,1,0,0
6,5,10/25/13,6390,737,1,1,1,0,0
6,6,10/26/13,3155,378,1,0,0,0,0
6,7,10/27/13,0,0,0,0,0,0,0
6,1,10/28/13,5496,722,1,0,1,0,0
6,2,10/29/13,5396,705,1,0,1,0,0
6,3,10/30/13,7765,887,1,0,1,0,0
6,4,10/31/13,0,0,0,0,1,0,0
6,5,11/1/13,7299,797,1,0,1,0,0
6,6,11/2/13,4420,456,1,0,0,0,0
6,7,11/3/13,0,0,0,0,0,0,0
6,1,11/4/13,10075,1048,1,1,0,0,0
6,2,11/5/13,8141,872,1,1,0,0,0
6,3,11/6/13,7451,791,1,1,0,0,0
6,4,11/7/13,8047,840,1,1,0,0,0
6,5,11/8/13,6908,753,1,1,0,0,0
6,6,11/9/13,4284,480,1,0,0,0,0
6,7,11/10/13,0,0,0,0,0,0,0
6,1,11/11/13,6546,802,1,0,0,0,0
6,2,11/12/13,5977,729,1,0,0,0,0
6,3,11/13/13,5775,733,1,0,0,0,0
6,4,11/14/13,5595,673,1,0,0,0,0
6,5,11/15/13,6425,768,1,0,0,0,0
6,6,11/16/13,4294,458,1,0,0,0,0
6,7,11/17/13,0,0,0,0,0,0,0
6,1,11/18/13,8478,925,1,1,0,0,0
6,2,11/19/13,9154,970,1,1,0,0,0
6,3,11/20/13,0,0,0,1,0,0,0
6,4,11/21/13,8754,927,1,1,0,0,0
6,5,11/22/13,8195,868,1,1,0,0,0
6,6,11/23/13,4432,442,1,0,0,0,0
6,7,11/24/13,0,0,0,0,0,0,0
6,1,11/25/13,7101,824,1,0,0,0,0
6,2,11/26/13,6186,744,1,0,0,0,0
6,3,11/27/13,6467,722,1,0,0,0,0
6,4,11/28/13,6728,748,1,0,0,0,0
6,5,11/29/13,8364,864,1,0,0,0,0
6,6,11/30/13,5335,568,1,0,0,0,0
6,7,12/1/13,0,0,0,0,0,0,0
6,1,12/2/13,10992,1111,1,1,0,0,0
6,2,12/3/13,9182,944,1,1,0,0,0
6,3,12/4/13,8531,930,1,1,0,0,0
6,4,12/5/13,9665,980,1,1,0,0,0
6,5,12/6/13,7941,818,1,1,0,0,0
6,6,12/7/13,4437,467,1,0,0,0,0
6,7,12/8/13,0,0,0,0,0,0,0
6,1,12/9/13,6090,723,1,0,0,0,0
6,2,12/10/13,7418,874,1,0,0,0,0
6,3,12/11/13,6498,772,1,0,0,0,0
6,4,12/12/13,6717,798,1,0,0,0,0
6,5,12/13/13,7312,817,1,0,0,0,0
6,6,12/14/13,5885,597,1,0,0,0,0
6,7,12/15/13,0,0,0,0,0,0,0
6,1,12/16/13,11139,1109,1,1,0,0,0
6,2,12/17/13,9041,890,1,1,0,0,0
6,3,12/18/13,7958,847,1,1,0,0,0
6,4,12/19/13,8291,840,1,1,0,0,0
6,5,12/20/13,8857,909,1,1,0,0,0
6,6,12/21/13,5524,613,1,0,0,0,0
6,7,12/22/13,0,0,0,0,0,0,0
6,1,12/23/13,9914,1093,1,0,1,0,0
6,2,12/24/13,3449,414,1,0,1,0,0
6,3,12/25/13,0,0,0,0,1,0,0
6,4,12/26/13,0,0,0,0,1,0,0
6,5,12/27/13,4915,613,1,0,1,0,0
6,6,12/28/13,3717,477,1,0,0,0,0
6,7,12/29/13,0,0,0,0,0,0,0
6,1,12/30/13,6980,767,1,0,1,0,0
6,2,12/31/13,2739,362,1,0,1,0,0
6,3,1/1/14,0,0,0,0,1,0,0
6,4,1/2/14,4778,563,1,0,1,0,0
6,5,1/3/14,4842,613,1,0,1,0,0
6,6,1/4/14,3031,389,1,0,0,0,0
6,7,1/5/14,0,0,0,0,0,0,0
6,1,1/6/14,7703,806,1,1,0,0,0
6,2,1/7/14,6196,697,1,1,0,0,0
6,3,1/8/14,5894,664,1,1,0,0,0
6,4,1/9/14,5018,619,1,1,0,0,0
6,5,1/10/14,6125,668,1,1,0,0,0
6,6,1/11/14,2964,386,1,0,0,0,0
6,7,1/12/14,0,0,0,0,0,0,0
6,1,1/13/14,4574,601,1,0,0,0,0
6,2,1/14/14,3820,509,1,0,0,0,0
6,3,1/15/14,4008,515,1,0,0,0,0
6,4,1/16/14,4220,560,1,0,0,0,0
6,5,1/17/14,4563,567,1,0,0,0,0
6,6,1/18/14,3141,384,1,0,0,0,0
6,7,1/19/14,0,0,0,0,0,0,0
6,1,1/20/14,6655,705,1,1,0,0,0
6,2,1/21/14,5838,638,1,1,0,0,0
6,3,1/22/14,5416,609,1,1,0,0,0
6,4,1/23/14,4755,571,1,1,0,0,0
6,5,1/24/14,5716,700,1,1,0,0,0
6,6,1/25/14,2721,312,1,0,0,0,0
6,7,1/26/14,0,0,0,0,0,0,0
6,1,1/27/14,4048,505,1,0,0,0,0
6,2,1/28/14,4094,539,1,0,0,0,0
6,3,1/29/14,4178,509,1,0,0,0,0
6,4,1/30/14,4398,534,1,0,0,0,0
6,5,1/31/14,5055,631,1,0,0,0,0
6,6,2/1/14,3316,396,1,0,0,0,0
6,7,2/2/14,0,0,0,0,0,0,0
6,1,2/3/14,7748,851,1,1,0,0,0
6,2,2/4/14,6322,673,1,1,0,0,0
6,3,2/5/14,6017,695,1,1,0,0,0
6,4,2/6/14,5168,607,1,1,0,0,0
6,5,2/7/14,5896,639,1,1,0,0,0
6,6,2/8/14,3496,403,1,0,0,0,0
6,7,2/9/14,0,0,0,0,0,0,0
6,1,2/10/14,4371,602,1,0,0,0,0
6,2,2/11/14,4535,603,1,0,0,0,0
6,3,2/12/14,4605,569,1,0,0,0,0
6,4,2/13/14,4564,572,1,0,0,0,0
6,5,2/14/14,4938,606,1,0,0,0,0
6,6,2/15/14,3054,340,1,0,0,0,0
6,7,2/16/14,0,0,0,0,0,0,0
6,1,2/17/14,7218,754,1,1,1,0,0
6,2,2/18/14,5867,657,1,1,1,0,0
6,3,2/19/14,5552,646,1,1,1,0,0
6,4,2/20/14,5352,641,1,1,1,0,0
6,5,2/21/14,5097,612,1,1,1,0,0
6,6,2/22/14,2963,375,1,0,0,0,0
6,7,2/23/14,0,0,0,0,0,0,0
6,1,2/24/14,4557,593,1,0,1,0,0
6,2,2/25/14,4152,535,1,0,1,0,0
6,3,2/26/14,4111,545,1,0,1,0,0
6,4,2/27/14,4045,537,1,0,1,0,0
6,5,2/28/14,5235,624,1,0,1,0,0
6,6,3/1/14,3492,405,1,0,0,0,0
6,7,3/2/14,0,0,0,0,0,0,0
6,1,3/3/14,8942,904,1,1,0,0,0
6,2,3/4/14,6309,712,1,1,0,0,0
6,3,3/5/14,6301,727,1,1,0,0,0
6,4,3/6/14,5653,678,1,1,0,0,0
6,5,3/7/14,5948,703,1,1,0,0,0
6,6,3/8/14,3219,389,1,0,0,0,0
6,7,3/9/14,0,0,0,0,0,0,0
6,1,3/10/14,4506,619,1,0,0,0,0
6,2,3/11/14,4224,572,1,0,0,0,0
6,3,3/12/14,4806,573,1,0,0,0,0
6,4,3/13/14,4291,557,1,0,0,0,0
6,5,3/14/14,4669,583,1,0,0,0,0
6,6,3/15/14,3274,387,1,0,0,0,0
6,7,3/16/14,0,0,0,0,0,0,0
6,1,3/17/14,7302,759,1,1,0,0,0
6,2,3/18/14,6933,739,1,1,0,0,0
6,3,3/19/14,5357,631,1,1,0,0,0
6,4,3/20/14,4773,619,1,1,0,0,0
6,5,3/21/14,5517,662,1,1,0,0,0
6,6,3/22/14,2976,362,1,0,0,0,0
6,7,3/23/14,0,0,0,0,0,0,0
6,1,3/24/14,4353,557,1,0,0,0,0
6,2,3/25/14,4311,563,1,0,0,0,0
6,3,3/26/14,4463,598,1,0,0,0,0
6,4,3/27/14,3907,523,1,0,0,0,0
6,5,3/28/14,4891,574,1,0,0,0,0
6,6,3/29/14,2968,337,1,0,0,0,0
6,7,3/30/14,0,0,0,0,0,0,0
6,1,3/31/14,8488,841,1,1,0,0,0
6,2,4/1/14,7387,785,1,1,0,0,0
6,3,4/2/14,6685,740,1,1,0,0,0
6,4,4/3/14,5790,666,1,1,0,0,0
6,5,4/4/14,5834,648,1,1,0,0,0
6,6,4/5/14,3335,365,1,0,0,0,0
6,7,4/6/14,0,0,0,0,0,0,0
6,1,4/7/14,4749,645,1,0,0,0,0
6,2,4/8/14,4754,620,1,0,0,0,0
6,3,4/9/14,4196,537,1,0,0,0,0
6,4,4/10/14,4077,535,1,0,0,0,0
6,5,4/11/14,4889,587,1,0,0,0,0
6,6,4/12/14,3350,377,1,0,0,0,0
6,7,4/13/14,0,0,0,0,0,0,0
6,1,4/14/14,8204,818,1,1,0,0,0
6,2,4/15/14,7890,806,1,1,0,0,0
6,3,4/16/14,7317,776,1,1,0,0,0
6,4,4/17/14,7618,841,1,1,0,0,0
6,5,4/18/14,0,0,0,1,1,0,0
6,6,4/19/14,4415,506,1,0,0,0,0
6,7,4/20/14,0,0,0,0,0,0,0
6,1,4/21/14,0,0,0,0,1,0,0
6,2,4/22/14,5001,655,1,0,1,0,0
6,3,4/23/14,4270,565,1,0,1,0,0
6,4,4/24/14,4718,568,1,0,1,0,0
6,5,4/25/14,4341,579,1,0,1,0,0
6,6,4/26/14,3063,357,1,0,0,0,0
6,7,4/27/14,0,0,0,0,0,0,0
6,1,4/28/14,7894,808,1,1,0,0,0
6,2,4/29/14,6236,668,1,1,0,0,0
6,3,4/30/14,7710,799,1,1,0,0,0
6,4,5/1/14,0,0,0,1,0,0,0
6,5,5/2/14,6945,732,1,1,0,0,0
6,6,5/3/14,3711,416,1,0,0,0,0
6,7,5/4/14,0,0,0,0,0,0,0
6,1,5/5/14,7722,804,1,1,0,0,0
6,2,5/6/14,6304,758,1,1,0,0,0
6,3,5/7/14,6073,661,1,1,0,0,0
6,4,5/8/14,5427,622,1,1,0,0,0
6,5,5/9/14,5534,627,1,1,0,0,0
6,6,5/10/14,3718,424,1,0,0,0,0
6,7,5/11/14,0,0,0,0,0,0,0
6,1,5/12/14,4643,618,1,0,0,0,0
6,2,5/13/14,4166,542,1,0,0,0,0
6,3,5/14/14,4309,566,1,0,0,0,0
6,4,5/15/14,4261,560,1,0,0,0,0
6,5,5/16/14,4848,604,1,0,0,0,0
6,6,5/17/14,3045,365,1,0,0,0,0
6,7,5/18/14,0,0,0,0,0,0,0
6,1,5/19/14,7335,772,1,1,0,0,0
6,2,5/20/14,6093,714,1,1,0,0,0
6,3,5/21/14,5945,668,1,1,0,0,0
6,4,5/22/14,6049,678,1,1,0,0,0
6,5,5/23/14,5324,610,1,1,0,0,0
6,6,5/24/14,3165,382,1,0,0,0,0
6,7,5/25/14,0,0,0,0,0,0,0
6,1,5/26/14,5274,635,1,0,0,0,0
6,2,5/27/14,4179,497,1,0,0,0,0
6,3,5/28/14,5015,616,1,0,0,0,0
6,4,5/29/14,0,0,0,0,0,0,0
6,5,5/30/14,6171,689,1,0,1,0,0
6,6,5/31/14,3438,403,1,0,0,0,0
6,7,6/1/14,0,0,0,0,0,0,0
6,1,6/2/14,8111,857,1,1,0,0,0
6,2,6/3/14,6792,710,1,1,0,0,0
6,3,6/4/14,5885,657,1,1,0,0,0
6,4,6/5/14,5409,646,1,1,0,0,0
6,5,6/6/14,6658,716,1,1,0,0,0
6,6,6/7/14,2355,301,1,0,0,0,0
6,7,6/8/14,0,0,0,0,0,0,0
6,1,6/9/14,0,0,0,0,0,0,0
6,2,6/10/14,5179,651,1,0,0,0,0
6,3,6/11/14,4961,594,1,0,0,0,0
6,4,6/12/14,4546,619,1,0,0,0,0
6,5,6/13/14,5461,642,1,0,0,0,0
6,6,6/14/14,3171,346,1,0,0,0,0
6,7,6/15/14,0,0,0,0,0,0,0
6,1,6/16/14,7068,804,1,1,0,0,0
6,2,6/17/14,6429,705,1,1,0,0,0
6,3,6/18/14,6214,684,1,1,0,0,0
6,4,6/19/14,5173,621,1,1,0,0,0
6,5,6/20/14,5661,652,1,1,0,0,0
6,6,6/21/14,3093,367,1,0,0,0,0
6,7,6/22/14,0,0,0,0,0,0,0
6,1,6/23/14,4689,586,1,0,0,0,0
6,2,6/24/14,3938,579,1,0,0,0,0
6,3,6/25/14,4299,549,1,0,0,0,0
6,4,6/26/14,4103,513,1,0,0,0,0
6,5,6/27/14,4786,576,1,0,0,0,0
6,6,6/28/14,3343,353,1,0,0,0,0
6,7,6/29/14,0,0,0,0,0,0,0
6,1,6/30/14,7662,784,1,1,0,0,0
6,2,7/1/14,7543,805,1,1,0,0,0
6,3,7/2/14,6288,684,1,1,0,0,0
6,4,7/3/14,6101,705,1,1,0,0,0
6,5,7/4/14,5783,657,1,1,0,0,0
6,6,7/5/14,3407,379,1,0,0,0,0
6,7,7/6/14,0,0,0,0,0,0,0
6,1,7/7/14,4690,604,1,0,0,0,0
6,2,7/8/14,4259,536,1,0,0,0,0
6,3,7/9/14,4463,580,1,0,0,0,0
6,4,7/10/14,3883,534,1,0,0,0,0
6,5,7/11/14,4599,552,1,0,0,0,0
6,6,7/12/14,3054,357,1,0,0,0,0
6,7,7/13/14,0,0,0,0,0,0,0
6,1,7/14/14,6693,703,1,1,0,0,0
6,2,7/15/14,6831,720,1,1,0,0,0
6,3,7/16/14,5827,683,1,1,0,0,0
6,4,7/17/14,5440,620,1,1,0,0,0
6,5,7/18/14,5582,630,1,1,0,0,0
6,6,7/19/14,3327,356,1,0,0,0,0
6,7,7/20/14,0,0,0,0,0,0,0
6,1,7/21/14,4296,578,1,0,1,0,0
6,2,7/22/14,4238,537,1,0,1,0,0
6,3,7/23/14,4275,513,1,0,1,0,0
6,4,7/24/14,4230,498,1,0,1,0,0
6,5,7/25/14,4128,521,1,0,1,0,0
6,6,7/26/14,2771,312,1,0,0,0,0
6,7,7/27/14,0,0,0,0,0,0,0
6,1,7/28/14,6093,670,1,1,1,0,0
6,2,7/29/14,5658,633,1,1,1,0,0
6,3,7/30/14,5589,598,1,1,1,0,0
6,4,7/31/14,5933,648,1,1,1,0,0
6,5,8/1/14,5931,635,1,1,1,0,0
6,6,8/2/14,3201,365,1,0,0,0,0
6,7,8/3/14,0,0,0,0,0,0,0
6,1,8/4/14,6550,702,1,1,1,0,0
6,2,8/5/14,5611,665,1,1,1,0,0
6,3,8/6/14,5310,586,1,1,1,0,0
6,4,8/7/14,5251,576,1,1,1,0,0
6,5,8/8/14,5351,619,1,1,1,0,0
6,6,8/9/14,3023,343,1,0,0,0,0
6,7,8/10/14,0,0,0,0,0,0,0
6,1,8/11/14,4552,594,1,0,1,0,0
6,2,8/12/14,4140,528,1,0,1,0,0
6,3,8/13/14,4153,534,1,0,1,0,0
6,4,8/14/14,3930,507,1,0,1,0,0
6,5,8/15/14,4115,523,1,0,1,0,0
6,6,8/16/14,2910,335,1,0,0,0,0
6,7,8/17/14,0,0,0,0,0,0,0
6,1,8/18/14,6426,706,1,1,1,0,0
6,2,8/19/14,5209,612,1,1,1,0,0
6,3,8/20/14,5354,633,1,1,1,0,0
6,4,8/21/14,4849,553,1,1,1,0,0
6,5,8/22/14,5012,580,1,1,1,0,0
6,6,8/23/14,2822,345,1,0,0,0,0
6,7,8/24/14,0,0,0,0,0,0,0
6,1,8/25/14,4330,602,1,0,1,0,0
6,2,8/26/14,3768,507,1,0,1,0,0
6,3,8/27/14,4467,519,1,0,1,0,0
6,4,8/28/14,3962,502,1,0,1,0,0
6,5,8/29/14,5142,620,1,0,1,0,0
6,6,8/30/14,3282,379,1,0,0,0,0
6,7,8/31/14,0,0,0,0,0,0,0
6,1,9/1/14,7586,807,1,1,0,0,0
6,2,9/2/14,5934,662,1,1,0,0,0
6,3,9/3/14,5741,634,1,1,0,0,0
6,4,9/4/14,5592,635,1,1,0,0,0
6,5,9/5/14,5642,628,1,1,0,0,0
6,6,9/6/14,2962,330,1,0,0,0,0
6,7,9/7/14,0,0,0,0,0,0,0
6,1,9/8/14,4439,593,1,0,0,0,0
6,2,9/9/14,4277,539,1,0,0,0,0
6,3,9/10/14,3911,516,1,0,0,0,0
6,4,9/11/14,4365,558,1,0,0,0,0
6,5,9/12/14,4558,516,1,0,0,0,0
6,6,9/13/14,3151,410,1,0,0,0,0
6,7,9/14/14,0,0,0,0,0,0,0
6,1,9/15/14,6826,738,1,1,0,0,0
6,2,9/16/14,5947,643,1,1,0,0,0
6,3,9/17/14,5298,614,1,1,0,0,0
6,4,9/18/14,5372,611,1,1,0,0,0
6,5,9/19/14,5151,610,1,1,0,0,0
6,6,9/20/14,3079,365,1,0,0,0,0
6,7,9/21/14,0,0,0,0,0,0,0
6,1,9/22/14,4131,538,1,0,0,0,0
6,2,9/23/14,4896,596,1,0,0,0,0
6,3,9/24/14,3951,499,1,0,0,0,0
6,4,9/25/14,3977,515,1,0,0,0,0
6,5,9/26/14,4521,524,1,0,0,0,0
6,6,9/27/14,2872,360,1,0,0,0,0
6,7,9/28/14,0,0,0,0,0,0,0
6,1,9/29/14,6397,710,1,1,0,0,0
6,2,9/30/14,7320,786,1,1,0,0,0
6,3,10/1/14,6808,734,1,1,0,0,0
6,4,10/2/14,6545,726,1,1,0,0,0
6,5,10/3/14,0,0,0,1,0,0,0
6,6,10/4/14,4176,432,1,0,0,0,0
6,7,10/5/14,0,0,0,0,0,0,0
6,1,10/6/14,7346,774,1,1,0,0,0
6,2,10/7/14,5981,652,1,1,0,0,0
6,3,10/8/14,5778,630,1,1,0,0,0
6,4,10/9/14,5066,614,1,1,0,0,0
6,5,10/10/14,5824,654,1,1,0,0,0
6,6,10/11/14,3269,388,1,0,0,0,0
6,7,10/12/14,0,0,0,0,0,0,0
6,1,10/13/14,4691,612,1,0,0,0,0
6,2,10/14/14,4597,590,1,0,0,0,0
6,3,10/15/14,4490,537,1,0,0,0,0
6,4,10/16/14,4386,530,1,0,0,0,0
6,5,10/17/14,4532,541,1,0,0,0,0
6,6,10/18/14,3346,364,1,0,0,0,0
6,7,10/19/14,0,0,0,0,0,0,0
6,1,10/20/14,6329,722,1,1,1,0,0
6,2,10/21/14,5111,614,1,1,1,0,0
6,3,10/22/14,4454,512,1,1,1,0,0
6,4,10/23/14,4679,591,1,1,1,0,0
6,5,10/24/14,4848,618,1,1,1,0,0
6,6,10/25/14,2861,346,1,0,0,0,0
6,7,10/26/14,0,0,0,0,0,0,0
6,1,10/27/14,4200,551,1,0,1,0,0
6,2,10/28/14,4225,517,1,0,1,0,0
6,3,10/29/14,4411,554,1,0,1,0,0
6,4,10/30/14,5656,660,1,0,1,0,0
6,5,10/31/14,0,0,0,0,1,0,0
6,6,11/1/14,3899,448,1,0,0,0,0
6,7,11/2/14,0,0,0,0,0,0,0
6,1,11/3/14,7869,819,1,1,0,0,0
6,2,11/4/14,6367,711,1,1,0,0,0
6,3,11/5/14,6742,694,1,1,0,0,0
6,4,11/6/14,5599,597,1,1,0,0,0
6,5,11/7/14,5642,612,1,1,0,0,0
6,6,11/8/14,3750,399,1,0,0,0,0
6,7,11/9/14,0,0,0,0,0,0,0
6,1,11/10/14,6107,677,1,1,0,0,0
6,2,11/11/14,6272,658,1,1,0,0,0
6,3,11/12/14,5621,619,1,1,0,0,0
6,4,11/13/14,5424,623,1,1,0,0,0
6,5,11/14/14,5662,673,1,1,0,0,0
6,6,11/15/14,3460,442,1,0,0,0,0
6,7,11/16/14,0,0,0,0,0,0,0
6,1,11/17/14,5220,613,1,0,0,0,0
6,2,11/18/14,4747,605,1,0,0,0,0
6,3,11/19/14,0,0,0,0,0,0,0
6,4,11/20/14,5616,652,1,0,0,0,0
6,5,11/21/14,4561,574,1,0,0,0,0
6,6,11/22/14,3562,418,1,0,0,0,0
6,7,11/23/14,0,0,0,0,0,0,0
6,1,11/24/14,7877,779,1,1,0,0,0
6,2,11/25/14,6974,731,1,1,0,0,0
6,3,11/26/14,5855,630,1,1,0,0,0
6,4,11/27/14,6392,670,1,1,0,0,0
6,5,11/28/14,7168,757,1,1,0,0,0
6,6,11/29/14,5105,494,1,0,0,0,0
6,7,11/30/14,0,0,0,0,0,0,0
6,1,12/1/14,7638,788,1,1,0,0,0
6,2,12/2/14,7092,700,1,1,0,0,0
6,3,12/3/14,6906,670,1,1,0,0,0
6,4,12/4/14,6371,711,1,1,0,0,0
6,5,12/5/14,8320,823,1,1,0,0,0
6,6,12/6/14,4530,448,1,0,0,0,0
6,7,12/7/14,0,0,0,0,0,0,0
6,1,12/8/14,5859,641,1,0,0,0,0
6,2,12/9/14,4930,612,1,0,0,0,0
6,3,12/10/14,4735,569,1,0,0,0,0
6,4,12/11/14,4394,544,1,0,0,0,0
6,5,12/12/14,5079,596,1,0,0,0,0
6,6,12/13/14,4082,401,1,0,0,0,0
6,7,12/14/14,0,0,0,0,0,0,0
6,1,12/15/14,9437,856,1,1,0,0,0
6,2,12/16/14,7723,752,1,1,0,0,0
6,3,12/17/14,7493,724,1,1,0,0,0
6,4,12/18/14,7131,717,1,1,0,0,0
6,5,12/19/14,7554,748,1,1,0,0,0
6,6,12/20/14,5142,468,1,0,0,0,0
6,7,12/21/14,0,0,0,0,0,0,0
6,1,12/22/14,9297,878,1,0,1,0,0
6,2,12/23/14,7982,889,1,0,1,0,0
6,3,12/24/14,3357,355,1,0,1,0,0
6,4,12/25/14,0,0,0,0,1,0,0
6,5,12/26/14,0,0,0,0,1,0,0
6,6,12/27/14,3990,432,1,0,0,0,0
6,7,12/28/14,0,0,0,0,0,0,0
6,1,12/29/14,5223,595,1,0,1,0,0
6,2,12/30/14,5044,598,1,0,1,0,0
6,3,12/31/14,2604,308,1,0,1,0,0
6,4,1/1/15,0,0,0,0,1,0,0
6,5,1/2/15,4273,515,1,0,1,0,0
6,6,1/3/15,3477,389,1,0,0,0,0
6,7,1/4/15,0,0,0,0,0,0,0
6,1,1/5/15,6459,672,1,1,0,0,0
6,2,1/6/15,5857,663,1,1,0,0,0
6,3,1/7/15,5206,581,1,1,0,0,0
6,4,1/8/15,5043,594,1,1,0,0,0
6,5,1/9/15,5246,601,1,1,0,0,0
6,6,1/10/15,3168,373,1,0,0,0,0
6,7,1/11/15,0,0,0,0,0,0,0
6,1,1/12/15,6272,702,1,1,0,0,0
6,2,1/13/15,5510,637,1,1,0,0,0
6,3,1/14/15,5709,630,1,1,0,0,0
6,4,1/15/15,5151,616,1,1,0,0,0
6,5,1/16/15,5532,609,1,1,0,0,0
6,6,1/17/15,2941,349,1,0,0,0,0
6,7,1/18/15,0,0,0,0,0,0,0
6,1,1/19/15,4025,571,1,0,0,0,0
6,2,1/20/15,3620,514,1,0,0,0,0
6,3,1/21/15,4126,550,1,0,0,0,0
6,4,1/22/15,3670,465,1,0,0,0,0
6,5,1/23/15,3711,494,1,0,0,0,0
6,6,1/24/15,3022,361,1,0,0,0,0
6,7,1/25/15,0,0,0,0,0,0,0
6,1,1/26/15,6360,731,1,1,0,0,0
6,2,1/27/15,5079,554,1,1,0,0,0
6,3,1/28/15,6077,621,1,1,0,0,0
6,4,1/29/15,5395,592,1,1,0,0,0
6,5,1/30/15,6555,692,1,1,0,0,0
6,6,1/31/15,3352,379,1,0,0,0,0
6,7,2/1/15,0,0,0,0,0,0,0
6,1,2/2/15,7413,787,1,1,0,0,0
6,2,2/3/15,6055,677,1,1,0,0,0
6,3,2/4/15,5034,580,1,1,0,0,0
6,4,2/5/15,5265,595,1,1,0,0,0
6,5,2/6/15,5268,604,1,1,0,0,0
6,6,2/7/15,3320,373,1,0,0,0,0
6,7,2/8/15,0,0,0,0,0,0,0
6,1,2/9/15,3834,476,1,0,1,0,0
6,2,2/10/15,4076,491,1,0,1,0,0
6,3,2/11/15,3843,485,1,0,1,0,0
6,4,2/12/15,3679,457,1,0,1,0,0
6,5,2/13/15,4083,490,1,0,1,0,0
6,6,2/14/15,2905,336,1,0,0,0,0
6,7,2/15/15,0,0,0,0,0,0,0
6,1,2/16/15,6506,677,1,1,1,0,0
6,2,2/17/15,5586,615,1,1,1,0,0
6,3,2/18/15,4618,531,1,1,1,0,0
6,4,2/19/15,4911,567,1,1,1,0,0
6,5,2/20/15,5314,579,1,1,1,0,0
6,6,2/21/15,3086,378,1,0,0,0,0
6,7,2/22/15,0,0,0,0,0,0,0
6,1,2/23/15,3783,504,1,0,0,0,0
6,2,2/24/15,4044,511,1,0,0,0,0
6,3,2/25/15,3936,510,1,0,0,0,0
6,4,2/26/15,3948,476,1,0,0,0,0
6,5,2/27/15,4887,590,1,0,0,0,0
6,6,2/28/15,3320,378,1,0,0,0,0
6,7,3/1/15,0,0,0,0,0,0,0
6,1,3/2/15,7519,791,1,1,0,0,0
6,2,3/3/15,5872,655,1,1,0,0,0
6,3,3/4/15,5714,621,1,1,0,0,0
6,4,3/5/15,4500,553,1,1,0,0,0
6,5,3/6/15,5392,603,1,1,0,0,0
6,6,3/7/15,3036,368,1,0,0,0,0
6,7,3/8/15,0,0,0,0,0,0,0
6,1,3/9/15,4113,529,1,0,0,0,0
6,2,3/10/15,4356,573,1,0,0,0,0
6,3,3/11/15,3904,507,1,0,0,0,0
6,4,3/12/15,3635,521,1,0,0,0,0
6,5,3/13/15,4149,501,1,0,0,0,0
6,6,3/14/15,3164,338,1,0,0,0,0
6,7,3/15/15,0,0,0,0,0,0,0
6,1,3/16/15,7358,790,1,1,0,0,0
6,2,3/17/15,5711,637,1,1,0,0,0
6,3,3/18/15,4766,571,1,1,0,0,0
6,4,3/19/15,5053,574,1,1,0,0,0
6,5,3/20/15,5120,592,1,1,0,0,0
6,6,3/21/15,3121,356,1,0,0,0,0
6,7,3/22/15,0,0,0,0,0,0,0
6,1,3/23/15,4241,560,1,0,0,0,0
6,2,3/24/15,3989,517,1,0,0,0,0
6,3,3/25/15,4198,521,1,0,0,0,0
6,4,3/26/15,3930,465,1,0,0,0,0
6,5,3/27/15,4101,499,1,0,0,0,0
6,6,3/28/15,3134,359,1,0,0,0,0
6,7,3/29/15,0,0,0,0,0,0,0
6,1,3/30/15,6759,668,1,1,0,0,0
6,2,3/31/15,6803,661,1,1,0,0,0
6,3,4/1/15,7705,725,1,1,0,0,0
6,4,4/2/15,7520,790,1,1,1,0,0
6,5,4/3/15,0,0,0,1,1,0,0
6,6,4/4/15,3941,470,1,0,0,0,0
6,7,4/5/15,0,0,0,0,0,0,0
6,1,4/6/15,0,0,0,0,1,0,0
6,2,4/7/15,4770,611,1,0,1,0,0
6,3,4/8/15,4461,555,1,0,1,0,0
6,4,4/9/15,4380,556,1,0,1,0,0
6,5,4/10/15,4247,552,1,0,1,0,0
6,6,4/11/15,3138,373,1,0,0,0,0
6,7,4/12/15,0,0,0,0,0,0,0
6,1,4/13/15,7624,802,1,1,0,0,0
6,2,4/14/15,5235,612,1,1,0,0,0
6,3,4/15/15,5364,592,1,1,0,0,0
6,4,4/16/15,5734,637,1,1,0,0,0
6,5,4/17/15,5862,646,1,1,0,0,0
6,6,4/18/15,2937,349,1,0,0,0,0
6,7,4/19/15,0,0,0,0,0,0,0
6,1,4/20/15,4347,551,1,0,0,0,0
6,2,4/21/15,3398,477,1,0,0,0,0
6,3,4/22/15,4116,518,1,0,0,0,0
6,4,4/23/15,3704,496,1,0,0,0,0
6,5,4/24/15,3209,445,1,0,0,0,0
6,6,4/25/15,2737,319,1,0,0,0,0
6,7,4/26/15,0,0,0,0,0,0,0
6,1,4/27/15,6772,693,1,1,0,0,0
6,2,4/28/15,5458,546,1,1,0,0,0
6,3,4/29/15,6682,704,1,1,0,0,0
6,4,4/30/15,7287,760,1,1,0,0,0
6,5,5/1/15,0,0,0,1,0,0,0
6,6,5/2/15,4033,432,1,0,0,0,0
6,7,5/3/15,0,0,0,0,0,0,0
6,1,5/4/15,7521,823,1,1,0,0,0
6,2,5/5/15,5608,566,1,1,0,0,0
6,3,5/6/15,5683,590,1,1,0,0,0
6,4,5/7/15,5114,566,1,1,0,0,0
6,5,5/8/15,4931,566,1,1,0,0,0
6,6,5/9/15,3034,361,1,0,0,0,0
6,7,5/10/15,0,0,0,0,0,0,0
6,1,5/11/15,4424,574,1,0,0,0,0
6,2,5/12/15,4124,520,1,0,0,0,0
6,3,5/13/15,5029,641,1,0,0,0,0
6,4,5/14/15,0,0,0,0,0,0,0
6,5,5/15/15,4802,528,1,0,1,0,0
6,6,5/16/15,3245,345,1,0,0,0,0
6,7,5/17/15,0,0,0,0,0,0,0
6,1,5/18/15,6552,694,1,1,0,0,0
6,2,5/19/15,5877,650,1,1,0,0,0
6,3,5/20/15,5587,640,1,1,0,0,0
6,4,5/21/15,5306,584,1,1,0,0,0
6,5,5/22/15,6133,658,1,1,0,0,0
6,6,5/23/15,3253,366,1,0,0,0,0
6,7,5/24/15,0,0,0,0,0,0,0
6,1,5/25/15,0,0,0,0,0,0,0
6,2,5/26/15,4574,562,1,0,0,0,0
6,3,5/27/15,4573,530,1,0,0,0,0
6,4,5/28/15,4754,547,1,0,0,0,0
6,5,5/29/15,5435,612,1,0,0,0,0
6,6,5/30/15,3756,394,1,0,0,0,0
6,7,5/31/15,0,0,0,0,0,0,0
6,1,6/1/15,7054,726,1,1,0,0,0
6,2,6/2/15,6887,693,1,1,0,0,0
6,3,6/3/15,5960,638,1,1,0,0,0
6,4,6/4/15,5749,614,1,1,0,0,0
6,5,6/5/15,5393,608,1,1,0,0,0
6,6,6/6/15,2800,331,1,0,0,0,0
6,7,6/7/15,0,0,0,0,0,0,0
6,1,6/8/15,4426,554,1,0,0,0,0
6,2,6/9/15,4223,482,1,0,0,0,0
6,3,6/10/15,4326,544,1,0,0,0,0
6,4,6/11/15,4047,512,1,0,0,0,0
6,5,6/12/15,4070,496,1,0,0,0,0
6,6,6/13/15,2812,290,1,0,0,0,0
6,7,6/14/15,0,0,0,0,0,0,0
6,1,6/15/15,7147,729,1,1,0,0,0
6,2,6/16/15,5804,642,1,1,0,0,0
6,3,6/17/15,5135,586,1,1,0,0,0
6,4,6/18/15,4405,514,1,1,0,0,0
6,5,6/19/15,5464,622,1,1,0,0,0
6,6,6/20/15,2793,327,1,0,0,0,0
6,7,6/21/15,0,0,0,0,0,0,0
6,1,6/22/15,3641,483,1,0,0,0,0
6,2,6/23/15,3829,486,1,0,0,0,0
6,3,6/24/15,3970,478,1,0,0,0,0
6,4,6/25/15,3861,497,1,0,0,0,0
6,5,6/26/15,4215,521,1,0,0,0,0
6,6,6/27/15,3078,333,1,0,0,0,0
6,7,6/28/15,0,0,0,0,0,0,0
6,1,6/29/15,6995,712,1,1,0,0,0
6,2,6/30/15,7427,709,1,1,0,0,0
6,3,7/1/15,5804,593,1,1,0,0,0
6,4,7/2/15,5335,594,1,1,0,0,0
6,5,7/3/15,4594,535,1,1,0,0,0
6,6,7/4/15,2979,315,1,0,0,0,0
6,7,7/5/15,0,0,0,0,0,0,0
6,1,7/6/15,4508,562,1,0,0,0,0
6,2,7/7/15,4021,501,1,0,0,0,0
6,3,7/8/15,4072,513,1,0,0,0,0
6,4,7/9/15,4095,524,1,0,0,0,0
6,5,7/10/15,4530,576,1,0,0,0,0
6,6,7/11/15,3134,353,1,0,0,0,0
6,7,7/12/15,0,0,0,0,0,0,0
6,1,7/13/15,6827,660,1,1,1,0,0
6,2,7/14/15,5758,584,1,1,1,0,0
6,3,7/15/15,4582,530,1,1,1,0,0
6,4,7/16/15,5115,542,1,1,1,0,0
6,5,7/17/15,4422,519,1,1,1,0,0
6,6,7/18/15,2915,295,1,0,0,0,0
6,7,7/19/15,0,0,0,0,0,0,0
6,1,7/20/15,4301,548,1,0,1,0,0
6,2,7/21/15,3720,494,1,0,1,0,0
6,3,7/22/15,3469,408,1,0,1,0,0
6,4,7/23/15,3482,442,1,0,1,0,0
6,5,7/24/15,3804,454,1,0,1,0,0
6,6,7/25/15,2892,306,1,0,0,0,0
6,7,7/26/15,0,0,0,0,0,0,0
6,1,7/27/15,5723,582,1,1,1,0,0
6,2,7/28/15,4839,576,1,1,1,0,0
6,3,7/29/15,5275,542,1,1,1,0,0
6,4,7/30/15,4790,541,1,1,1,0,0
6,5,7/31/15,5651,589,1,1,1,0,0
7,2,1/1/13,0,0,0,0,1,1,0
7,3,1/2/13,8244,955,1,0,1,1,0
7,4,1/3/13,7231,867,1,0,1,1,0
7,5,1/4/13,7758,870,1,0,1,1,0
7,6,1/5/13,5218,575,1,0,0,1,0
7,7,1/6/13,0,0,0,0,0,1,0
7,1,1/7/13,12718,1150,1,1,0,1,0
7,2,1/8/13,10073,1070,1,1,0,1,0
7,3,1/9/13,7049,780,1,1,0,1,0
7,4,1/10/13,8234,870,1,1,0,1,0
7,5,1/11/13,7115,870,1,1,0,1,0
7,6,1/12/13,4236,506,1,0,0,1,0
7,7,1/13/13,0,0,0,0,0,1,0
7,1,1/14/13,6385,793,1,0,0,1,0
7,2,1/15/13,6780,882,1,0,0,1,0
7,3,1/16/13,5921,711,1,0,0,1,0
7,4,1/17/13,6779,778,1,0,0,1,0
7,5,1/18/13,7010,778,1,0,0,1,0
7,6,1/19/13,4451,507,1,0,0,1,0
7,7,1/20/13,0,0,0,0,0,1,0
7,1,1/21/13,10832,1034,1,1,0,1,0
7,2,1/22/13,9074,973,1,1,0,1,0
7,3,1/23/13,7664,822,1,1,0,1,0
7,4,1/24/13,7690,832,1,1,0,1,0
7,5,1/25/13,8360,943,1,1,0,1,0
7,6,1/26/13,3774,420,1,0,0,1,0
7,7,1/27/13,0,0,0,0,0,1,0
7,1,1/28/13,6483,768,1,0,0,1,0
7,2,1/29/13,6480,793,1,0,0,1,0
7,3,1/30/13,5401,632,1,0,0,1,0
7,4,1/31/13,7072,757,1,0,0,1,0
7,5,2/1/13,8721,1007,1,0,0,1,0
7,6,2/2/13,5752,587,1,0,0,1,0
7,7,2/3/13,0,0,0,0,0,1,0
7,1,2/4/13,11182,1054,1,1,0,1,0
7,2,2/5/13,9502,974,1,1,0,1,0
7,3,2/6/13,8303,849,1,1,0,1,0
7,4,2/7/13,8664,934,1,1,0,1,0
7,5,2/8/13,8091,879,1,1,0,1,0
7,6,2/9/13,4437,506,1,0,0,1,0
7,7,2/10/13,0,0,0,0,0,1,0
7,1,2/11/13,7457,941,1,0,0,1,0
7,2,2/12/13,6506,791,1,0,0,1,0
7,3,2/13/13,7005,832,1,0,0,1,0
7,4,2/14/13,6520,812,1,0,0,1,0
7,5,2/15/13,7677,903,1,0,0,1,0
7,6,2/16/13,5140,566,1,0,0,1,0
7,7,2/17/13,0,0,0,0,0,1,0
7,1,2/18/13,11148,1093,1,1,0,1,0
7,2,2/19/13,8497,914,1,1,0,1,0
7,3,2/20/13,7120,748,1,1,0,1,0
7,4,2/21/13,7735,854,1,1,0,1,0
7,5,2/22/13,8043,891,1,1,0,1,0
7,6,2/23/13,4233,492,1,0,0,1,0
7,7,2/24/13,0,0,0,0,0,1,0
7,1,2/25/13,6839,826,1,0,0,1,0
7,2,2/26/13,6464,807,1,0,0,1,0
7,3,2/27/13,6381,789,1,0,0,1,0
7,4,2/28/13,7413,859,1,0,0,1,0
7,5,3/1/13,8052,983,1,0,0,1,0
7,6,3/2/13,5240,595,1,0,0,1,0
7,7,3/3/13,0,0,0,0,0,1,0
7,1,3/4/13,11946,1169,1,1,0,1,0
7,2,3/5/13,9821,1097,1,1,0,1,0
7,3,3/6/13,8802,920,1,1,0,1,0
7,4,3/7/13,7698,840,1,1,0,1,0
7,5,3/8/13,8322,911,1,1,0,1,0
7,6,3/9/13,5013,530,1,0,0,1,0
7,7,3/10/13,0,0,0,0,0,1,0
7,1,3/11/13,6325,721,1,0,0,1,0
7,2,3/12/13,7182,920,1,0,0,1,0
7,3,3/13/13,6538,781,1,0,0,1,0
7,4,3/14/13,6752,783,1,0,0,1,0
7,5,3/15/13,8083,946,1,0,0,1,0
7,6,3/16/13,5335,566,1,0,0,1,0
7,7,3/17/13,0,0,0,0,0,1,0
7,1,3/18/13,8415,872,1,1,0,1,0
7,2,3/19/13,8576,844,1,1,0,1,0
7,3,3/20/13,8934,907,1,1,0,1,0
7,4,3/21/13,7976,869,1,1,0,1,0
7,5,3/22/13,9776,1035,1,1,0,1,0
7,6,3/23/13,5347,605,1,0,0,1,0
7,7,3/24/13,0,0,0,0,0,1,0
7,1,3/25/13,12717,1223,1,1,1,1,0
7,2,3/26/13,10454,1105,1,1,1,1,0
7,3,3/27/13,10734,1041,1,1,1,1,0
7,4,3/28/13,13770,1298,1,1,1,1,0
7,5,3/29/13,0,0,0,1,1,1,0
7,6,3/30/13,11274,1169,1,0,0,1,0
7,7,3/31/13,0,0,0,0,0,1,0
7,1,4/1/13,0,0,0,0,1,1,0
7,2,4/2/13,9418,1132,1,0,1,1,0
7,3,4/3/13,6884,816,1,0,1,1,0
7,4,4/4/13,7210,890,1,0,1,1,0
7,5,4/5/13,8011,931,1,0,1,1,0
7,6,4/6/13,5276,614,1,0,0,1,0
7,7,4/7/13,0,0,0,0,0,1,0
7,1,4/8/13,11404,1090,1,1,1,1,0
7,2,4/9/13,10176,1058,1,1,1,1,0
7,3,4/10/13,7548,817,1,1,0,1,0
7,4,4/11/13,7253,813,1,1,0,1,0
7,5,4/12/13,8949,1000,1,1,0,1,0
7,6,4/13/13,4887,520,1,0,0,1,0
7,7,4/14/13,0,0,0,0,0,1,0
7,1,4/15/13,6342,826,1,0,0,1,0
7,2,4/16/13,6747,861,1,0,0,1,0
7,3,4/17/13,6100,766,1,0,0,1,0
7,4,4/18/13,6465,806,1,0,0,1,0
7,5,4/19/13,7029,893,1,0,0,1,0
7,6,4/20/13,5128,592,1,0,0,1,0
7,7,4/21/13,0,0,0,0,0,1,0
7,1,4/22/13,10465,1058,1,1,0,1,0
7,2,4/23/13,9166,1012,1,1,0,1,0
7,3,4/24/13,7970,840,1,1,0,1,0
7,4,4/25/13,7960,874,1,1,0,1,0
7,5,4/26/13,8399,926,1,1,0,1,0
7,6,4/27/13,5164,607,1,0,0,1,0
7,7,4/28/13,0,0,0,0,0,1,0
7,1,4/29/13,10913,1102,1,1,0,1,0
7,2,4/30/13,12517,1333,1,1,0,1,0
7,3,5/1/13,0,0,0,1,0,1,0
7,4,5/2/13,12432,1280,1,1,0,1,0
7,5,5/3/13,10699,1201,1,1,0,1,0
7,6,5/4/13,6426,791,1,0,0,1,0
7,7,5/5/13,0,0,0,0,0,1,0
7,1,5/6/13,8820,1051,1,0,0,1,0
7,2,5/7/13,8039,1024,1,0,0,1,0
7,3,5/8/13,8250,1035,1,0,0,1,0
7,4,5/9/13,0,0,0,0,0,1,0
7,5,5/10/13,10983,1348,1,0,1,1,0
7,6,5/11/13,6153,729,1,0,0,1,0
7,7,5/12/13,0,0,0,0,0,1,0
7,1,5/13/13,11380,1158,1,1,0,1,0
7,2,5/14/13,10353,1152,1,1,0,1,0
7,3,5/15/13,9086,944,1,1,0,1,0
7,4,5/16/13,8754,976,1,1,0,1,0
7,5,5/17/13,8936,1048,1,1,0,1,0
7,6,5/18/13,7121,786,1,0,0,1,0
7,7,5/19/13,0,0,0,0,0,1,0
7,1,5/20/13,0,0,0,0,0,1,0
7,2,5/21/13,7332,870,1,0,0,1,0
7,3,5/22/13,5897,722,1,0,0,1,0
7,4,5/23/13,7385,893,1,0,0,1,0
7,5,5/24/13,7303,961,1,0,0,1,0
7,6,5/25/13,4084,424,1,0,0,1,0
7,7,5/26/13,0,0,0,0,0,1,0
7,1,5/27/13,11260,1114,1,1,0,1,0
7,2,5/28/13,10304,1115,1,1,0,1,0
7,3,5/29/13,8626,858,1,1,0,1,0
7,4,5/30/13,9571,1005,1,1,0,1,0
7,5,5/31/13,11727,1237,1,1,0,1,0
7,6,6/1/13,7098,794,1,0,0,1,0
7,7,6/2/13,0,0,0,0,0,1,0
7,1,6/3/13,12730,1214,1,1,0,1,0
7,2,6/4/13,10746,1198,1,1,0,1,0
7,3,6/5/13,8210,941,1,1,0,1,0
7,4,6/6/13,8535,966,1,1,0,1,0
7,5,6/7/13,9231,1085,1,1,0,1,0
7,6,6/8/13,6334,717,1,0,0,1,0
7,7,6/9/13,0,0,0,0,0,1,0
7,1,6/10/13,8153,962,1,0,0,1,0
7,2,6/11/13,7972,1013,1,0,0,1,0
7,3,6/12/13,6847,840,1,0,0,1,0
7,4,6/13/13,7498,867,1,0,0,1,0
7,5,6/14/13,8240,1000,1,0,0,1,0
7,6,6/15/13,6090,684,1,0,0,1,0
7,7,6/16/13,0,0,0,0,0,1,0
7,1,6/17/13,12592,1184,1,1,0,1,0
7,2,6/18/13,10651,1140,1,1,0,1,0
7,3,6/19/13,9036,891,1,1,0,1,0
7,4,6/20/13,8683,960,1,1,0,1,0
7,5,6/21/13,9302,1056,1,1,0,1,0
7,6,6/22/13,5582,682,1,0,0,1,0
7,7,6/23/13,0,0,0,0,0,1,0
7,1,6/24/13,8499,986,1,0,1,1,0
7,2,6/25/13,8285,1024,1,0,1,1,0
7,3,6/26/13,7585,882,1,0,1,1,0
7,4,6/27/13,7481,882,1,0,1,1,0
7,5,6/28/13,10324,1158,1,0,1,1,0
7,6,6/29/13,6067,609,1,0,0,1,0
7,7,6/30/13,0,0,0,0,0,1,0
7,1,7/1/13,15123,1391,1,1,1,1,0
7,2,7/2/13,12421,1279,1,1,1,1,0
7,3,7/3/13,9851,1051,1,1,1,1,0
7,4,7/4/13,9256,1032,1,1,1,1,0
7,5,7/5/13,10005,1139,1,1,1,1,0
7,6,7/6/13,5608,646,1,0,0,1,0
7,7,7/7/13,0,0,0,0,0,1,0
7,1,7/8/13,8490,1003,1,0,1,1,0
7,2,7/9/13,9463,1049,1,0,1,1,0
7,3,7/10/13,8982,1076,1,0,1,1,0
7,4,7/11/13,8140,915,1,0,1,1,0
7,5,7/12/13,8921,1080,1,0,1,1,0
7,6,7/13/13,5896,699,1,0,0,1,0
7,7,7/14/13,0,0,0,0,0,1,0
7,1,7/15/13,14636,1400,1,1,1,1,0
7,2,7/16/13,11993,1310,1,1,1,1,0
7,3,7/17/13,10133,1012,1,1,1,1,0
7,4,7/18/13,10171,1110,1,1,1,1,0
7,5,7/19/13,11476,1303,1,1,1,1,0
7,6,7/20/13,5608,705,1,0,0,1,0
7,7,7/21/13,0,0,0,0,0,1,0
7,1,7/22/13,8915,1161,1,0,1,1,0
7,2,7/23/13,9214,1188,1,0,1,1,0
7,3,7/24/13,9275,1059,1,0,1,1,0
7,4,7/25/13,9584,1188,1,0,1,1,0
7,5,7/26/13,8572,1038,1,0,1,1,0
7,6,7/27/13,6469,744,1,0,0,1,0
7,7,7/28/13,0,0,0,0,0,1,0
7,1,7/29/13,17567,1622,1,1,1,1,0
7,2,7/30/13,15356,1483,1,1,1,1,0
7,3,7/31/13,15155,1498,1,1,1,1,0
7,4,8/1/13,12681,1296,1,1,1,1,0
7,5,8/2/13,10085,1155,1,1,1,1,0
7,6,8/3/13,7819,936,1,0,0,1,0
7,7,8/4/13,0,0,0,0,0,1,0
7,1,8/5/13,12365,1433,1,0,0,1,0
7,2,8/6/13,11208,1406,1,0,0,1,0
7,3,8/7/13,10138,1248,1,0,0,1,0
7,4,8/8/13,9339,1173,1,0,0,1,0
7,5,8/9/13,9198,1187,1,0,0,1,0
7,6,8/10/13,5763,722,1,0,0,1,0
7,7,8/11/13,0,0,0,0,0,1,0
7,1,8/12/13,14766,1520,1,1,0,1,0
7,2,8/13/13,12269,1322,1,1,0,1,0
7,3,8/14/13,10364,1162,1,1,0,1,0
7,4,8/15/13,9477,1080,1,1,0,1,0
7,5,8/16/13,10781,1245,1,1,0,1,0
7,6,8/17/13,6629,807,1,0,0,1,0
7,7,8/18/13,0,0,0,0,0,1,0
7,1,8/19/13,8806,1119,1,0,0,1,0
7,2,8/20/13,8685,1102,1,0,0,1,0
7,3,8/21/13,7191,893,1,0,0,1,0
7,4,8/22/13,6934,907,1,0,0,1,0
7,5,8/23/13,7895,1019,1,0,0,1,0
7,6,8/24/13,5628,692,1,0,0,1,0
7,7,8/25/13,0,0,0,0,0,1,0
7,1,8/26/13,11911,1232,1,1,0,1,0
7,2,8/27/13,10861,1136,1,1,0,1,0
7,3,8/28/13,9762,1043,1,1,0,1,0
7,4,8/29/13,9889,1043,1,1,0,1,0
7,5,8/30/13,11809,1290,1,1,0,1,0
7,6,8/31/13,6113,684,1,0,0,1,0
7,7,9/1/13,0,0,0,0,0,1,0
7,1,9/2/13,7650,900,1,0,0,1,0
7,2,9/3/13,8707,1075,1,0,0,1,0
7,3,9/4/13,7850,913,1,0,0,1,0
7,4,9/5/13,7398,892,1,0,0,1,0
7,5,9/6/13,7753,996,1,0,0,1,0
7,6,9/7/13,5166,619,1,0,0,1,0
7,7,9/8/13,0,0,0,0,0,1,0
7,1,9/9/13,10694,998,1,1,0,1,0
7,2,9/10/13,11072,1153,1,1,0,1,0
7,3,9/11/13,8808,965,1,1,0,1,0
7,4,9/12/13,9066,971,1,1,0,1,0
7,5,9/13/13,9977,1118,1,1,0,1,0
7,6,9/14/13,5383,599,1,0,0,1,0
7,7,9/15/13,0,0,0,0,0,1,0
7,1,9/16/13,7562,909,1,0,0,1,0
7,2,9/17/13,7767,985,1,0,0,1,0
7,3,9/18/13,6845,844,1,0,0,1,0
7,4,9/19/13,6859,854,1,0,0,1,0
7,5,9/20/13,7630,907,1,0,0,1,0
7,6,9/21/13,4729,528,1,0,0,1,0
7,7,9/22/13,0,0,0,0,0,1,0
7,1,9/23/13,9480,1017,1,1,0,1,0
7,2,9/24/13,10012,1081,1,1,0,1,0
7,3,9/25/13,8023,879,1,1,0,1,0
7,4,9/26/13,8371,906,1,1,0,1,0
7,5,9/27/13,9740,1068,1,1,0,1,0
7,6,9/28/13,5818,696,1,0,0,1,0
7,7,9/29/13,0,0,0,0,0,1,0
7,1,9/30/13,9018,1021,1,0,0,1,0
7,2,10/1/13,9316,1095,1,0,0,1,0
7,3,10/2/13,8004,917,1,0,0,1,0
7,4,10/3/13,3020,435,1,0,0,1,0
7,5,10/4/13,9332,1131,1,0,1,1,0
7,6,10/5/13,5807,678,1,0,0,1,0
7,7,10/6/13,0,0,0,0,0,1,0
7,1,10/7/13,12712,1209,1,1,1,1,0
7,2,10/8/13,10319,1063,1,1,1,1,0
7,3,10/9/13,7977,835,1,1,1,1,0
7,4,10/10/13,8835,929,1,1,1,1,0
7,5,10/11/13,8831,989,1,1,1,1,0
7,6,10/12/13,4345,459,1,0,0,1,0
7,7,10/13/13,0,0,0,0,0,1,0
7,1,10/14/13,7861,893,1,0,1,1,0
7,2,10/15/13,6355,718,1,0,1,1,0
7,3,10/16/13,6774,780,1,0,1,1,0
7,4,10/17/13,5568,686,1,0,1,1,0
7,5,10/18/13,7870,914,1,0,1,1,0
7,6,10/19/13,4686,524,1,0,0,1,0
7,7,10/20/13,0,0,0,0,0,1,0
7,1,10/21/13,11300,1093,1,1,0,1,0
7,2,10/22/13,10298,1101,1,1,0,1,0
7,3,10/23/13,7828,866,1,1,0,1,0
7,4,10/24/13,8238,910,1,1,0,1,0
7,5,10/25/13,8430,975,1,1,0,1,0
7,6,10/26/13,4773,555,1,0,0,1,0
7,7,10/27/13,0,0,0,0,0,1,0
7,1,10/28/13,5971,707,1,0,0,1,0
7,2,10/29/13,6875,851,1,0,0,1,0
7,3,10/30/13,7816,879,1,0,0,1,0
7,4,10/31/13,8646,970,1,0,0,1,0
7,5,11/1/13,8652,982,1,0,0,1,0
7,6,11/2/13,6251,608,1,0,0,1,0
7,7,11/3/13,0,0,0,0,0,1,0
7,1,11/4/13,9665,853,1,1,0,1,0
7,2,11/5/13,12011,1163,1,1,0,1,0
7,3,11/6/13,9340,922,1,1,0,1,0
7,4,11/7/13,8461,962,1,1,0,1,0
7,5,11/8/13,9374,1032,1,1,0,1,0
7,6,11/9/13,4664,517,1,0,0,1,0
7,7,11/10/13,0,0,0,0,0,1,0
7,1,11/11/13,7930,901,1,0,0,1,0
7,2,11/12/13,6477,787,1,0,0,1,0
7,3,11/13/13,7529,858,1,0,0,1,0
7,4,11/14/13,6974,826,1,0,0,1,0
7,5,11/15/13,7373,870,1,0,0,1,0
7,6,11/16/13,5693,587,1,0,0,1,0
7,7,11/17/13,0,0,0,0,0,1,0
7,1,11/18/13,11140,1129,1,1,0,1,0
7,2,11/19/13,10974,1109,1,1,0,1,0
7,3,11/20/13,8531,899,1,1,0,1,0
7,4,11/21/13,8852,944,1,1,0,1,0
7,5,11/22/13,9642,1013,1,1,0,1,0
7,6,11/23/13,5610,612,1,0,0,1,0
7,7,11/24/13,0,0,0,0,0,1,0
7,1,11/25/13,9950,1016,1,0,0,1,0
7,2,11/26/13,8696,970,1,0,0,1,0
7,3,11/27/13,6783,745,1,0,0,1,0
7,4,11/28/13,8860,974,1,0,0,1,0
7,5,11/29/13,10301,1013,1,0,0,1,0
7,6,11/30/13,8442,807,1,0,0,1,0
7,7,12/1/13,0,0,0,0,0,1,0
7,1,12/2/13,15705,1417,1,1,0,1,0
7,2,12/3/13,12132,1155,1,1,0,1,0
7,3,12/4/13,11853,1074,1,1,0,1,0
7,4,12/5/13,9398,844,1,1,0,1,0
7,5,12/6/13,7938,793,1,1,0,1,0
7,6,12/7/13,6733,674,1,0,0,1,0
7,7,12/8/13,0,0,0,0,0,1,0
7,1,12/9/13,10010,1039,1,0,0,1,0
7,2,12/10/13,9551,1076,1,0,0,1,0
7,3,12/11/13,8632,966,1,0,0,1,0
7,4,12/12/13,8491,909,1,0,0,1,0
7,5,12/13/13,8140,872,1,0,0,1,0
7,6,12/14/13,7511,698,1,0,0,1,0
7,7,12/15/13,0,0,0,0,0,1,0
7,1,12/16/13,18413,1490,1,1,0,1,0
7,2,12/17/13,14900,1340,1,1,0,1,0
7,3,12/18/13,12917,1267,1,1,0,1,0
7,4,12/19/13,12051,1163,1,1,0,1,0
7,5,12/20/13,14451,1371,1,1,0,1,0
7,6,12/21/13,8942,847,1,0,0,1,0
7,7,12/22/13,0,0,0,0,0,1,0
7,1,12/23/13,16186,1691,1,0,1,1,0
7,2,12/24/13,5003,564,1,0,1,1,0
7,3,12/25/13,0,0,0,0,1,1,0
7,4,12/26/13,0,0,0,0,1,1,0
7,5,12/27/13,9408,1072,1,0,1,1,0
7,6,12/28/13,6003,635,1,0,0,1,0
7,7,12/29/13,0,0,0,0,0,1,0
7,1,12/30/13,11852,1248,1,0,1,1,0
7,2,12/31/13,5708,606,1,0,1,1,0
7,3,1/1/14,0,0,0,0,1,1,0
7,4,1/2/14,8634,939,1,0,1,1,0
7,5,1/3/14,8389,987,1,0,1,1,0
7,6,1/4/14,6103,632,1,0,0,1,0
7,7,1/5/14,0,0,0,0,0,1,0
7,1,1/6/14,12065,1114,1,1,1,1,0
7,2,1/7/14,11096,1121,1,1,0,1,0
7,3,1/8/14,7957,846,1,1,0,1,0
7,4,1/9/14,8171,842,1,1,0,1,0
7,5,1/10/14,8530,897,1,1,0,1,0
7,6,1/11/14,4971,535,1,0,0,1,0
7,7,1/12/14,0,0,0,0,0,1,0
7,1,1/13/14,7353,826,1,0,0,1,0
7,2,1/14/14,7525,956,1,0,0,1,0
7,3,1/15/14,6360,732,1,0,0,1,0
7,4,1/16/14,5681,641,1,0,0,1,0
7,5,1/17/14,7980,947,1,0,0,1,0
7,6,1/18/14,4786,537,1,0,0,1,0
7,7,1/19/14,0,0,0,0,0,1,0
7,1,1/20/14,11706,1106,1,1,0,1,0
7,2,1/21/14,9105,923,1,1,0,1,0
7,3,1/22/14,8118,822,1,1,0,1,0
7,4,1/23/14,8137,843,1,1,0,1,0
7,5,1/24/14,8387,877,1,1,0,1,0
7,6,1/25/14,4817,512,1,0,0,1,0
7,7,1/26/14,0,0,0,0,0,1,0
7,1,1/27/14,6153,684,1,0,0,1,0
7,2,1/28/14,6728,839,1,0,0,1,0
7,3,1/29/14,5954,682,1,0,0,1,0
7,4,1/30/14,6498,757,1,0,0,1,0
7,5,1/31/14,9454,962,1,0,0,1,0
7,6,2/1/14,6762,629,1,0,0,1,0
7,7,2/2/14,0,0,0,0,0,1,0
7,1,2/3/14,14237,1257,1,1,0,1,0
7,2,2/4/14,11358,1136,1,1,0,1,0
7,3,2/5/14,8998,922,1,1,0,1,0
7,4,2/6/14,8461,903,1,1,0,1,0
7,5,2/7/14,8305,899,1,1,0,1,0
7,6,2/8/14,5425,588,1,0,0,1,0
7,7,2/9/14,0,0,0,0,0,1,0
7,1,2/10/14,7601,931,1,0,0,1,0
7,2,2/11/14,7386,926,1,0,0,1,0
7,3,2/12/14,6626,820,1,0,0,1,0
7,4,2/13/14,7203,883,1,0,0,1,0
7,5,2/14/14,7808,946,1,0,0,1,0
7,6,2/15/14,4985,594,1,0,0,1,0
7,7,2/16/14,0,0,0,0,0,1,0
7,1,2/17/14,12728,1224,1,1,0,1,0
7,2,2/18/14,10408,1072,1,1,0,1,0
7,3,2/19/14,7834,855,1,1,0,1,0
7,4,2/20/14,7758,871,1,1,0,1,0
7,5,2/21/14,8676,962,1,1,0,1,0
7,6,2/22/14,5192,575,1,0,0,1,0
7,7,2/23/14,0,0,0,0,0,1,0
7,1,2/24/14,7311,877,1,0,0,1,0
7,2,2/25/14,6168,820,1,0,0,1,0
7,3,2/26/14,5812,746,1,0,0,1,0
7,4,2/27/14,7079,830,1,0,0,1,0
7,5,2/28/14,9221,984,1,0,0,1,0
7,6,3/1/14,6369,656,1,0,0,1,0
7,7,3/2/14,0,0,0,0,0,1,0
7,1,3/3/14,12998,1209,1,1,0,1,0
7,2,3/4/14,10595,1168,1,1,0,1,0
7,3,3/5/14,9010,959,1,1,0,1,0
7,4,3/6/14,8225,938,1,1,0,1,0
7,5,3/7/14,9385,1078,1,1,0,1,0
7,6,3/8/14,5738,668,1,0,0,1,0
7,7,3/9/14,0,0,0,0,0,1,0
7,1,3/10/14,7259,886,1,0,0,1,0
7,2,3/11/14,6997,927,1,0,0,1,0
7,3,3/12/14,5856,761,1,0,0,1,0
7,4,3/13/14,6373,795,1,0,0,1,0
7,5,3/14/14,7964,909,1,0,0,1,0
7,6,3/15/14,4641,496,1,0,0,1,0
7,7,3/16/14,0,0,0,0,0,1,0
7,1,3/17/14,11479,1119,1,1,0,1,0
7,2,3/18/14,9392,1025,1,1,0,1,0
7,3,3/19/14,7762,785,1,1,0,1,0
7,4,3/20/14,7386,865,1,1,0,1,0
7,5,3/21/14,7297,789,1,1,0,1,0
7,6,3/22/14,5644,617,1,0,0,1,0
7,7,3/23/14,0,0,0,0,0,1,0
7,1,3/24/14,7098,882,1,0,0,1,0
7,2,3/25/14,7088,920,1,0,0,1,0
7,3,3/26/14,6266,734,1,0,0,1,0
7,4,3/27/14,6763,778,1,0,0,1,0
7,5,3/28/14,7886,858,1,0,0,1,0
7,6,3/29/14,5693,598,1,0,0,1,0
7,7,3/30/14,0,0,0,0,0,1,0
7,1,3/31/14,13165,1189,1,1,0,1,0
7,2,4/1/14,11435,1134,1,1,0,1,0
7,3,4/2/14,9083,971,1,1,0,1,0
7,4,4/3/14,9195,1034,1,1,0,1,0
7,5,4/4/14,9611,1015,1,1,0,1,0
7,6,4/5/14,4586,514,1,0,0,1,0
7,7,4/6/14,0,0,0,0,0,1,0
7,1,4/7/14,7377,947,1,0,0,1,0
7,2,4/8/14,7048,844,1,0,0,1,0
7,3,4/9/14,6923,812,1,0,0,1,0
7,4,4/10/14,7443,877,1,0,0,1,0
7,5,4/11/14,7861,946,1,0,0,1,0
7,6,4/12/14,6407,648,1,0,0,1,0
7,7,4/13/14,0,0,0,0,0,1,0
7,1,4/14/14,13875,1227,1,1,0,1,0
7,2,4/15/14,14230,1381,1,1,0,1,0
7,3,4/16/14,10740,1054,1,1,1,1,0
7,4,4/17/14,12195,1288,1,1,1,1,0
7,5,4/18/14,0,0,0,1,1,1,0
7,6,4/19/14,11203,1227,1,0,0,1,0
7,7,4/20/14,0,0,0,0,0,1,0
7,1,4/21/14,0,0,0,0,1,1,0
7,2,4/22/14,9538,1115,1,0,1,1,0
7,3,4/23/14,6942,832,1,0,1,1,0
7,4,4/24/14,7252,887,1,0,1,1,0
7,5,4/25/14,7418,878,1,0,1,1,0
7,6,4/26/14,5553,605,1,0,0,1,0
7,7,4/27/14,0,0,0,0,0,1,0
7,1,4/28/14,11295,1149,1,1,1,1,0
7,2,4/29/14,11787,1188,1,1,1,1,0
7,3,4/30/14,12397,1184,1,1,1,1,0
7,4,5/1/14,0,0,0,1,1,1,0
7,5,5/2/14,16037,1550,1,1,1,1,0
7,6,5/3/14,6696,743,1,0,0,1,0
7,7,5/4/14,0,0,0,0,0,1,0
7,1,5/5/14,13594,1263,1,1,0,1,0
7,2,5/6/14,11540,1193,1,1,0,1,0
7,3,5/7/14,8654,919,1,1,0,1,0
7,4,5/8/14,7583,786,1,1,0,1,0
7,5,5/9/14,9399,1060,1,1,0,1,0
7,6,5/10/14,6518,705,1,0,0,1,0
7,7,5/11/14,0,0,0,0,0,1,0
7,1,5/12/14,7233,850,1,0,0,1,0
7,2,5/13/14,7974,932,1,0,0,1,0
7,3,5/14/14,6696,775,1,0,0,1,0
7,4,5/15/14,6722,827,1,0,0,1,0
7,5,5/16/14,7111,862,1,0,0,1,0
7,6,5/17/14,5486,681,1,0,0,1,0
7,7,5/18/14,0,0,0,0,0,1,0
7,1,5/19/14,11953,1156,1,1,0,1,0
7,2,5/20/14,8857,1031,1,1,0,1,0
7,3,5/21/14,8214,864,1,1,0,1,0
7,4,5/22/14,7348,837,1,1,0,1,0
7,5,5/23/14,8719,983,1,1,0,1,0
7,6,5/24/14,5452,633,1,0,0,1,0
7,7,5/25/14,0,0,0,0,0,1,0
7,1,5/26/14,7687,960,1,0,0,1,0
7,2,5/27/14,7925,979,1,0,0,1,0
7,3,5/28/14,8845,917,1,0,0,1,0
7,4,5/29/14,0,0,0,0,0,1,0
7,5,5/30/14,12695,1424,1,0,1,1,0
7,6,5/31/14,7692,848,1,0,0,1,0
7,7,6/1/14,0,0,0,0,0,1,0
7,1,6/2/14,13694,1272,1,1,0,1,0
7,2,6/3/14,11509,1222,1,1,0,1,0
7,3,6/4/14,8848,966,1,1,0,1,0
7,4,6/5/14,9786,957,1,1,0,1,0
7,5,6/6/14,11061,1136,1,1,0,1,0
7,6,6/7/14,6822,777,1,0,0,1,0
7,7,6/8/14,0,0,0,0,0,1,0
7,1,6/9/14,0,0,0,0,0,1,0
7,2,6/10/14,10432,1194,1,0,0,1,0
7,3,6/11/14,8592,982,1,0,0,1,0
7,4,6/12/14,8160,961,1,0,0,1,0
7,5,6/13/14,9202,1099,1,0,0,1,0
7,6,6/14/14,7753,962,1,0,0,1,0
7,7,6/15/14,0,0,0,0,0,1,0
7,1,6/16/14,11289,1158,1,1,0,1,0
7,2,6/17/14,10319,1121,1,1,0,1,0
7,3,6/18/14,9435,1004,1,1,0,1,0
7,4,6/19/14,8992,975,1,1,0,1,0
7,5,6/20/14,9885,1134,1,1,0,1,0
7,6,6/21/14,5278,605,1,0,0,1,0
7,7,6/22/14,0,0,0,0,0,1,0
7,1,6/23/14,9151,1056,1,0,0,1,0
7,2,6/24/14,7980,967,1,0,0,1,0
7,3,6/25/14,6372,802,1,0,0,1,0
7,4,6/26/14,7129,824,1,0,0,1,0
7,5,6/27/14,8138,992,1,0,0,1,0
7,6,6/28/14,6696,675,1,0,0,1,0
7,7,6/29/14,0,0,0,0,0,1,0
7,1,6/30/14,14428,1283,1,1,0,1,0
7,2,7/1/14,13249,1347,1,1,0,1,0
7,3,7/2/14,10483,1091,1,1,0,1,0
7,4,7/3/14,9955,1058,1,1,0,1,0
7,5,7/4/14,9588,1072,1,1,0,1,0
7,6,7/5/14,5909,726,1,0,0,1,0
7,7,7/6/14,0,0,0,0,0,1,0
7,1,7/7/14,9567,1111,1,0,0,1,0
7,2,7/8/14,8876,1092,1,0,0,1,0
7,3,7/9/14,8095,907,1,0,0,1,0
7,4,7/10/14,7713,932,1,0,0,1,0
7,5,7/11/14,9687,1161,1,0,0,1,0
7,6,7/12/14,6767,751,1,0,0,1,0
7,7,7/13/14,0,0,0,0,0,1,0
7,1,7/14/14,13336,1286,1,1,1,1,0
7,2,7/15/14,11693,1280,1,1,1,1,0
7,3,7/16/14,10249,1107,1,1,1,1,0
7,4,7/17/14,8914,1010,1,1,1,1,0
7,5,7/18/14,10461,1178,1,1,1,1,0
7,6,7/19/14,5975,681,1,0,0,1,0
7,7,7/20/14,0,0,0,0,0,1,0
7,1,7/21/14,10712,1204,1,0,1,1,0
7,2,7/22/14,10015,1177,1,0,1,1,0
7,3,7/23/14,8880,970,1,0,1,1,0
7,4,7/24/14,8219,957,1,0,1,1,0
7,5,7/25/14,9406,1154,1,0,1,1,0
7,6,7/26/14,6671,746,1,0,0,1,0
7,7,7/27/14,0,0,0,0,0,1,0
7,1,7/28/14,13561,1295,1,1,1,1,0
7,2,7/29/14,12603,1294,1,1,1,1,0
7,3,7/30/14,13568,1306,1,1,1,1,0
7,4,7/31/14,13183,1255,1,1,1,1,0
7,5,8/1/14,11885,1264,1,1,1,1,0
7,6,8/2/14,7956,873,1,0,0,1,0
7,7,8/3/14,0,0,0,0,0,1,0
7,1,8/4/14,15399,1492,1,1,1,1,0
7,2,8/5/14,13813,1471,1,1,1,1,0
7,3,8/6/14,9952,1065,1,1,1,1,0
7,4,8/7/14,11960,1335,1,1,1,1,0
7,5,8/8/14,10040,1148,1,1,1,1,0
7,6,8/9/14,7815,900,1,0,0,1,0
7,7,8/10/14,0,0,0,0,0,1,0
7,1,8/11/14,10864,1247,1,0,1,1,0
7,2,8/12/14,11089,1334,1,0,1,1,0
7,3,8/13/14,9134,1011,1,0,1,1,0
7,4,8/14/14,9091,1081,1,0,1,1,0
7,5,8/15/14,10659,1263,1,0,1,1,0
7,6,8/16/14,6991,762,1,0,0,1,0
7,7,8/17/14,0,0,0,0,0,1,0
7,1,8/18/14,13814,1334,1,1,1,1,0
7,2,8/19/14,12348,1363,1,1,1,1,0
7,3,8/20/14,10262,1060,1,1,1,1,0
7,4,8/21/14,10789,1114,1,1,1,1,0
7,5,8/22/14,11115,1201,1,1,1,1,0
7,6,8/23/14,6881,728,1,0,0,1,0
7,7,8/24/14,0,0,0,0,0,1,0
7,1,8/25/14,11405,1366,1,0,0,1,0
7,2,8/26/14,10029,1326,1,0,0,1,0
7,3,8/27/14,8038,973,1,0,0,1,0
7,4,8/28/14,8414,1045,1,0,0,1,0
7,5,8/29/14,10951,1258,1,0,0,1,0
7,6,8/30/14,7271,815,1,0,0,1,0
7,7,8/31/14,0,0,0,0,0,1,0
7,1,9/1/14,15349,1429,1,1,0,1,0
7,2,9/2/14,12542,1338,1,1,0,1,0
7,3,9/3/14,10774,1129,1,1,0,1,0
7,4,9/4/14,9839,1054,1,1,0,1,0
7,5,9/5/14,10543,1167,1,1,0,1,0
7,6,9/6/14,6500,743,1,0,0,1,0
7,7,9/7/14,0,0,0,0,0,1,0
7,1,9/8/14,9155,1071,1,0,0,1,0
7,2,9/9/14,8109,992,1,0,0,1,0
7,3,9/10/14,7551,914,1,0,0,1,0
7,4,9/11/14,7518,933,1,0,0,1,0
7,5,9/12/14,7968,1007,1,0,0,1,0
7,6,9/13/14,5890,659,1,0,0,1,0
7,7,9/14/14,0,0,0,0,0,1,0
7,1,9/15/14,11534,1121,1,1,0,1,0
7,2,9/16/14,11201,1182,1,1,0,1,0
7,3,9/17/14,8614,912,1,1,0,1,0
7,4,9/18/14,8645,973,1,1,0,1,0
7,5,9/19/14,9661,1086,1,1,0,1,0
7,6,9/20/14,5582,673,1,0,0,1,0
7,7,9/21/14,0,0,0,0,0,1,0
7,1,9/22/14,6562,804,1,0,0,1,0
7,2,9/23/14,7698,1000,1,0,0,1,0
7,3,9/24/14,6814,822,1,0,0,1,0
7,4,9/25/14,6444,774,1,0,0,1,0
7,5,9/26/14,6956,926,1,0,0,1,0
7,6,9/27/14,5945,676,1,0,0,1,0
7,7,9/28/14,0,0,0,0,0,1,0
7,1,9/29/14,11224,1087,1,1,0,1,0
7,2,9/30/14,12636,1177,1,1,0,1,0
7,3,10/1/14,9547,1011,1,1,0,1,0
7,4,10/2/14,10196,1077,1,1,0,1,0
7,5,10/3/14,3335,454,1,1,0,1,0
7,6,10/4/14,7678,848,1,0,0,1,0
7,7,10/5/14,0,0,0,0,0,1,0
7,1,10/6/14,12601,1209,1,1,0,1,0
7,2,10/7/14,10890,1082,1,1,0,1,0
7,3,10/8/14,9482,919,1,1,0,1,0
7,4,10/9/14,9132,936,1,1,0,1,0
7,5,10/10/14,10191,1070,1,1,0,1,0
7,6,10/11/14,5585,637,1,0,0,1,0
7,7,10/12/14,0,0,0,0,0,1,0
7,1,10/13/14,7752,853,1,0,1,1,0
7,2,10/14/14,6897,877,1,0,1,1,0
7,3,10/15/14,6913,792,1,0,1,1,0
7,4,10/16/14,6394,818,1,0,1,1,0
7,5,10/17/14,7895,926,1,0,1,1,0
7,6,10/18/14,5810,558,1,0,0,1,0
7,7,10/19/14,0,0,0,0,0,1,0
7,1,10/20/14,10681,1075,1,1,1,1,0
7,2,10/21/14,8801,930,1,1,1,1,0
7,3,10/22/14,7589,798,1,1,1,1,0
7,4,10/23/14,7376,852,1,1,1,1,0
7,5,10/24/14,8601,968,1,1,1,1,0
7,6,10/25/14,5106,525,1,0,0,1,0
7,7,10/26/14,0,0,0,0,0,1,0
7,1,10/27/14,7226,942,1,0,0,1,0
7,2,10/28/14,7681,897,1,0,0,1,0
7,3,10/29/14,6747,729,1,0,0,1,0
7,4,10/30/14,8530,967,1,0,0,1,0
7,5,10/31/14,10213,1111,1,0,0,1,0
7,6,11/1/14,6093,656,1,0,0,1,0
7,7,11/2/14,0,0,0,0,0,1,0
7,1,11/3/14,12623,1220,1,1,0,1,0
7,2,11/4/14,11121,1097,1,1,0,1,0
7,3,11/5/14,8842,868,1,1,0,1,0
7,4,11/6/14,9743,1068,1,1,0,1,0
7,5,11/7/14,10087,1023,1,1,0,1,0
7,6,11/8/14,6506,709,1,0,0,1,0
7,7,11/9/14,0,0,0,0,0,1,0
7,1,11/10/14,10223,1011,1,1,0,1,0
7,2,11/11/14,9776,1048,1,1,0,1,0
7,3,11/12/14,8169,857,1,1,0,1,0
7,4,11/13/14,7935,880,1,1,0,1,0
7,5,11/14/14,9936,1022,1,1,0,1,0
7,6,11/15/14,6225,650,1,0,0,1,0
7,7,11/16/14,0,0,0,0,0,1,0
7,1,11/17/14,8561,958,1,0,0,1,0
7,2,11/18/14,8339,946,1,0,0,1,0
7,3,11/19/14,7300,822,1,0,0,1,0
7,4,11/20/14,7272,834,1,0,0,1,0
7,5,11/21/14,7806,926,1,0,0,1,0
7,6,11/22/14,6059,611,1,0,0,1,0
7,7,11/23/14,0,0,0,0,0,1,0
7,1,11/24/14,11482,1134,1,1,0,1,0
7,2,11/25/14,11391,1143,1,1,0,1,0
7,3,11/26/14,10756,1002,1,1,0,1,0
7,4,11/27/14,10409,1064,1,1,0,1,0
7,5,11/28/14,13668,1212,1,1,0,1,0
7,6,11/29/14,8884,791,1,0,0,1,0
7,7,11/30/14,0,0,0,0,0,1,0
7,1,12/1/14,14130,1230,1,1,0,1,0
7,2,12/2/14,13115,1187,1,1,0,1,0
7,3,12/3/14,10229,914,1,1,0,1,0
7,4,12/4/14,11994,1069,1,1,0,1,0
7,5,12/5/14,15268,1317,1,1,0,1,0
7,6,12/6/14,7000,739,1,0,0,1,0
7,7,12/7/14,0,0,0,0,0,1,0
7,1,12/8/14,9558,1040,1,0,0,1,0
7,2,12/9/14,8891,1013,1,0,0,1,0
7,3,12/10/14,7521,767,1,0,0,1,0
7,4,12/11/14,7826,823,1,0,0,1,0
7,5,12/12/14,8593,810,1,0,0,1,0
7,6,12/13/14,7776,751,1,0,0,1,0
7,7,12/14/14,0,0,0,0,0,1,0
7,1,12/15/14,16763,1362,1,1,0,1,0
7,2,12/16/14,14580,1311,1,1,0,1,0
7,3,12/17/14,11707,1056,1,1,0,1,0
7,4,12/18/14,12483,1165,1,1,0,1,0
7,5,12/19/14,11603,1112,1,1,0,1,0
7,6,12/20/14,7921,758,1,0,0,1,0
7,7,12/21/14,0,0,0,0,0,1,0
7,1,12/22/14,12528,1225,1,0,1,1,0
7,2,12/23/14,14590,1364,1,0,1,1,0
7,3,12/24/14,5458,550,1,0,1,1,0
7,4,12/25/14,0,0,0,0,1,1,0
7,5,12/26/14,0,0,0,0,1,1,0
7,6,12/27/14,8882,917,1,0,0,1,0
7,7,12/28/14,0,0,0,0,0,1,0
7,1,12/29/14,11145,1162,1,0,1,1,0
7,2,12/30/14,10690,1177,1,0,1,1,0
7,3,12/31/14,5219,557,1,0,1,1,0
7,4,1/1/15,0,0,0,0,1,1,0
7,5,1/2/15,9434,988,1,0,1,1,0
7,6,1/3/15,4960,516,1,0,0,1,0
7,7,1/4/15,0,0,0,0,0,1,0
7,1,1/5/15,13086,1227,1,1,1,1,0
7,2,1/6/15,11736,1120,1,1,1,1,0
7,3,1/7/15,9377,941,1,1,0,1,0
7,4,1/8/15,7352,791,1,1,0,1,0
7,5,1/9/15,7623,742,1,1,0,1,0
7,6,1/10/15,4761,460,1,0,0,1,0
7,7,1/11/15,0,0,0,0,0,1,0
7,1,1/12/15,11019,990,1,1,0,1,0
7,2,1/13/15,9066,896,1,1,0,1,0
7,3,1/14/15,9051,882,1,1,0,1,0
7,4,1/15/15,7721,766,1,1,0,1,0
7,5,1/16/15,9627,1016,1,1,0,1,0
7,6,1/17/15,5307,586,1,0,0,1,0
7,7,1/18/15,0,0,0,0,0,1,0
7,1,1/19/15,7072,871,1,0,0,1,0
7,2,1/20/15,6604,838,1,0,0,1,0
7,3,1/21/15,6292,731,1,0,0,1,0
7,4,1/22/15,6125,769,1,0,0,1,0
7,5,1/23/15,7167,860,1,0,0,1,0
7,6,1/24/15,5218,533,1,0,0,1,0
7,7,1/25/15,0,0,0,0,0,1,0
7,1,1/26/15,9418,922,1,1,0,1,0
7,2,1/27/15,9877,1012,1,1,0,1,0
7,3,1/28/15,7992,799,1,1,0,1,0
7,4,1/29/15,9163,894,1,1,0,1,0
7,5,1/30/15,11430,1077,1,1,0,1,0
7,6,1/31/15,6240,654,1,0,0,1,0
7,7,2/1/15,0,0,0,0,0,1,0
7,1,2/2/15,11970,1129,1,1,0,1,0
7,2,2/3/15,10481,1032,1,1,0,1,0
7,3,2/4/15,9566,920,1,1,0,1,0
7,4,2/5/15,8692,914,1,1,0,1,0
7,5,2/6/15,9570,981,1,1,0,1,0
7,6,2/7/15,6172,597,1,0,0,1,0
7,7,2/8/15,0,0,0,0,0,1,0
7,1,2/9/15,8215,916,1,0,0,1,0
7,2,2/10/15,7397,935,1,0,0,1,0
7,3,2/11/15,7346,810,1,0,0,1,0
7,4,2/12/15,7296,839,1,0,0,1,0
7,5,2/13/15,8623,1013,1,0,0,1,0
7,6,2/14/15,6312,659,1,0,0,1,0
7,7,2/15/15,0,0,0,0,0,1,0
7,1,2/16/15,11966,1083,1,1,0,1,0
7,2,2/17/15,10521,1050,1,1,0,1,0
7,3,2/18/15,8775,890,1,1,0,1,0
7,4,2/19/15,8565,968,1,1,0,1,0
7,5,2/20/15,9063,921,1,1,0,1,0
7,6,2/21/15,4775,507,1,0,0,1,0
7,7,2/22/15,0,0,0,0,0,1,0
7,1,2/23/15,7055,802,1,0,0,1,0
7,2,2/24/15,6904,840,1,0,0,1,0
7,3,2/25/15,6084,755,1,0,0,1,0
7,4,2/26/15,7817,866,1,0,0,1,0
7,5,2/27/15,8929,920,1,0,0,1,0
7,6,2/28/15,6933,713,1,0,0,1,0
7,7,3/1/15,0,0,0,0,0,1,0
7,1,3/2/15,11387,1019,1,1,0,1,0
7,2,3/3/15,11404,1095,1,1,0,1,0
7,3,3/4/15,9155,889,1,1,0,1,0
7,4,3/5/15,7927,861,1,1,0,1,0
7,5,3/6/15,9785,1033,1,1,0,1,0
7,6,3/7/15,6173,639,1,0,0,1,0
7,7,3/8/15,0,0,0,0,0,1,0
7,1,3/9/15,7840,875,1,0,0,1,0
7,2,3/10/15,8002,891,1,0,0,1,0
7,3,3/11/15,6497,760,1,0,0,1,0
7,4,3/12/15,7113,839,1,0,0,1,0
7,5,3/13/15,8025,884,1,0,0,1,0
7,6,3/14/15,5549,583,1,0,0,1,0
7,7,3/15/15,0,0,0,0,0,1,0
7,1,3/16/15,11551,1042,1,1,0,1,0
7,2,3/17/15,10180,1008,1,1,0,1,0
7,3,3/18/15,8236,850,1,1,0,1,0
7,4,3/19/15,7834,857,1,1,0,1,0
7,5,3/20/15,8293,918,1,1,0,1,0
7,6,3/21/15,5085,528,1,0,0,1,0
7,7,3/22/15,0,0,0,0,0,1,0
7,1,3/23/15,6907,835,1,0,0,1,0
7,2,3/24/15,7353,866,1,0,0,1,0
7,3,3/25/15,5977,714,1,0,0,1,0
7,4,3/26/15,7158,822,1,0,0,1,0
7,5,3/27/15,7534,811,1,0,0,1,0
7,6,3/28/15,6041,664,1,0,0,1,0
7,7,3/29/15,0,0,0,0,0,1,0
7,1,3/30/15,12595,1059,1,1,0,1,0
7,2,3/31/15,11956,969,1,1,0,1,0
7,3,4/1/15,13381,1123,1,1,1,1,0
7,4,4/2/15,14335,1358,1,1,1,1,0
7,5,4/3/15,0,0,0,1,1,1,0
7,6,4/4/15,13089,1327,1,0,0,1,0
7,7,4/5/15,0,0,0,0,0,1,0
7,1,4/6/15,0,0,0,0,1,1,0
7,2,4/7/15,10208,1139,1,0,1,1,0
7,3,4/8/15,8449,927,1,0,1,1,0
7,4,4/9/15,7985,914,1,0,1,1,0
7,5,4/10/15,8028,920,1,0,1,1,0
7,6,4/11/15,5479,592,1,0,0,1,0
7,7,4/12/15,0,0,0,0,0,1,0
7,1,4/13/15,11693,1078,1,1,1,1,0
7,2,4/14/15,11185,1043,1,1,1,1,0
7,3,4/15/15,9020,807,1,1,1,1,0
7,4,4/16/15,8168,835,1,1,1,1,0
7,5,4/17/15,9300,1001,1,1,1,1,0
7,6,4/18/15,5534,595,1,0,0,1,0
7,7,4/19/15,0,0,0,0,0,1,0
7,1,4/20/15,7587,897,1,0,0,1,0
7,2,4/21/15,7248,905,1,0,0,1,0
7,3,4/22/15,7392,807,1,0,0,1,0
7,4,4/23/15,6585,766,1,0,0,1,0
7,5,4/24/15,7519,881,1,0,0,1,0
7,6,4/25/15,5404,560,1,0,0,1,0
7,7,4/26/15,0,0,0,0,0,1,0
7,1,4/27/15,11101,1030,1,1,0,1,0
7,2,4/28/15,11849,1096,1,1,0,1,0
7,3,4/29/15,10699,981,1,1,0,1,0
7,4,4/30/15,12603,1162,1,1,0,1,0
7,5,5/1/15,0,0,0,1,0,1,0
7,6,5/2/15,10015,946,1,0,0,1,0
7,7,5/3/15,0,0,0,0,0,1,0
7,1,5/4/15,12935,1229,1,1,0,1,0
7,2,5/5/15,9939,1029,1,1,0,1,0
7,3,5/6/15,10194,1002,1,1,0,1,0
7,4,5/7/15,8989,904,1,1,0,1,0
7,5,5/8/15,9550,1081,1,1,0,1,0
7,6,5/9/15,6699,687,1,0,0,1,0
7,7,5/10/15,0,0,0,0,0,1,0
7,1,5/11/15,7558,882,1,0,0,1,0
7,2,5/12/15,8310,1011,1,0,0,1,0
7,3,5/13/15,9169,1011,1,0,0,1,0
7,4,5/14/15,0,0,0,0,0,1,0
7,5,5/15/15,11017,1265,1,0,1,1,0
7,6,5/16/15,7222,693,1,0,0,1,0
7,7,5/17/15,0,0,0,0,0,1,0
7,1,5/18/15,12321,1177,1,1,0,1,0
7,2,5/19/15,11266,1113,1,1,0,1,0
7,3,5/20/15,8990,904,1,1,0,1,0
7,4,5/21/15,9027,929,1,1,0,1,0
7,5,5/22/15,9488,1025,1,1,0,1,0
7,6,5/23/15,7434,790,1,0,0,1,0
7,7,5/24/15,0,0,0,0,0,1,0
7,1,5/25/15,0,0,0,0,0,1,0
7,2,5/26/15,8671,1055,1,0,0,1,0
7,3,5/27/15,8567,890,1,0,0,1,0
7,4,5/28/15,7984,844,1,0,0,1,0
7,5,5/29/15,10618,1157,1,0,0,1,0
7,6,5/30/15,6428,668,1,0,0,1,0
7,7,5/31/15,0,0,0,0,0,1,0
7,1,6/1/15,14160,1251,1,1,0,1,0
7,2,6/2/15,12486,1197,1,1,0,1,0
7,3,6/3/15,9541,966,1,1,0,1,0
7,4,6/4/15,9696,1005,1,1,0,1,0
7,5,6/5/15,9689,1065,1,1,0,1,0
7,6,6/6/15,6508,700,1,0,0,1,0
7,7,6/7/15,0,0,0,0,0,1,0
7,1,6/8/15,8409,989,1,0,0,1,0
7,2,6/9/15,8439,962,1,0,0,1,0
7,3,6/10/15,6746,757,1,0,0,1,0
7,4,6/11/15,7106,843,1,0,0,1,0
7,5,6/12/15,8490,970,1,0,0,1,0
7,6,6/13/15,6590,767,1,0,0,1,0
7,7,6/14/15,0,0,0,0,0,1,0
7,1,6/15/15,13175,1203,1,1,0,1,0
7,2,6/16/15,11151,1198,1,1,0,1,0
7,3,6/17/15,9041,935,1,1,0,1,0
7,4,6/18/15,8955,911,1,1,0,1,0
7,5,6/19/15,9677,1030,1,1,0,1,0
7,6,6/20/15,5572,619,1,0,0,1,0
7,7,6/21/15,0,0,0,0,0,1,0
7,1,6/22/15,7917,922,1,0,0,1,0
7,2,6/23/15,7861,969,1,0,0,1,0
7,3,6/24/15,6913,788,1,0,0,1,0
7,4,6/25/15,6875,819,1,0,0,1,0
7,5,6/26/15,7352,895,1,0,0,1,0
7,6,6/27/15,6519,693,1,0,0,1,0
7,7,6/28/15,0,0,0,0,0,1,0
7,1,6/29/15,13689,1194,1,1,0,1,0
7,2,6/30/15,14838,1325,1,1,0,1,0
7,3,7/1/15,11024,1020,1,1,0,1,0
7,4,7/2/15,10996,1102,1,1,0,1,0
7,5,7/3/15,11976,1182,1,1,0,1,0
7,6,7/4/15,6559,723,1,0,0,1,0
7,7,7/5/15,0,0,0,0,0,1,0
7,1,7/6/15,10790,1210,1,0,0,1,0
7,2,7/7/15,9207,1069,1,0,0,1,0
7,3,7/8/15,9204,963,1,0,0,1,0
7,4,7/9/15,9608,1056,1,0,0,1,0
7,5,7/10/15,9499,1063,1,0,0,1,0
7,6,7/11/15,6425,694,1,0,0,1,0
7,7,7/12/15,0,0,0,0,0,1,0
7,1,7/13/15,13250,1252,1,1,0,1,0
7,2,7/14/15,12294,1206,1,1,0,1,0
7,3,7/15/15,10095,991,1,1,0,1,0
7,4,7/16/15,10774,1102,1,1,0,1,0
7,5,7/17/15,10339,1086,1,1,0,1,0
7,6,7/18/15,6861,729,1,0,0,1,0
7,7,7/19/15,0,0,0,0,0,1,0
7,1,7/20/15,10159,1112,1,0,1,1,0
7,2,7/21/15,9169,1118,1,0,1,1,0
7,3,7/22/15,8214,874,1,0,1,1,0
7,4,7/23/15,9550,1096,1,0,1,1,0
7,5,7/24/15,9203,1062,1,0,1,1,0
7,6,7/25/15,6574,705,1,0,0,1,0
7,7,7/26/15,0,0,0,0,0,1,0
7,1,7/27/15,14869,1340,1,1,1,1,0
7,2,7/28/15,12342,1158,1,1,1,1,0
7,3,7/29/15,12074,1166,1,1,1,1,0
7,4,7/30/15,11560,1116,1,1,1,1,0
7,5,7/31/15,15344,1414,1,1,1,1,0
8,2,1/1/13,0,0,0,0,1,0,0
8,3,1/2/13,5419,698,1,0,1,0,0
8,4,1/3/13,4842,662,1,0,1,0,0
8,5,1/4/13,4059,517,1,0,1,0,0
8,6,1/5/13,2337,312,1,0,0,0,0
8,7,1/6/13,0,0,0,0,0,0,0
8,1,1/7/13,7416,802,1,1,0,0,0
8,2,1/8/13,6333,700,1,1,0,0,0
8,3,1/9/13,5038,611,1,1,0,0,0
8,4,1/10/13,6084,775,1,1,0,0,0
8,5,1/11/13,4997,581,1,1,0,0,0
8,6,1/12/13,2660,328,1,0,0,0,0
8,7,1/13/13,0,0,0,0,0,0,0
8,1,1/14/13,4128,601,1,0,0,0,0
8,2,1/15/13,4358,620,1,0,0,0,0
8,3,1/16/13,3508,516,1,0,0,0,0
8,4,1/17/13,4833,693,1,0,0,0,0
8,5,1/18/13,3619,494,1,0,0,0,0
8,6,1/19/13,2357,325,1,0,0,0,0
8,7,1/20/13,0,0,0,0,0,0,0
8,1,1/21/13,7589,769,1,1,0,0,0
8,2,1/22/13,5893,668,1,1,0,0,0
8,3,1/23/13,6469,682,1,1,0,0,0
8,4,1/24/13,6114,773,1,1,0,0,0
8,5,1/25/13,5251,592,1,1,0,0,0
8,6,1/26/13,2366,285,1,0,0,0,0
8,7,1/27/13,0,0,0,0,0,0,0
8,1,1/28/13,3459,582,1,0,0,0,0
8,2,1/29/13,3846,540,1,0,0,0,0
8,3,1/30/13,3638,484,1,0,0,0,0
8,4,1/31/13,5680,722,1,0,0,0,0
8,5,2/1/13,4406,572,1,0,0,0,0
8,6,2/2/13,2399,313,1,0,0,0,0
8,7,2/3/13,0,0,0,0,0,0,0
8,1,2/4/13,8273,869,1,1,0,0,0
8,2,2/5/13,6901,748,1,1,0,0,0
8,3,2/6/13,6237,700,1,1,0,0,0
8,4,2/7/13,6833,807,1,1,0,0,0
8,5,2/8/13,6035,606,1,1,0,0,0
8,6,2/9/13,2487,335,1,0,0,0,0
8,7,2/10/13,0,0,0,0,0,0,0
8,1,2/11/13,4215,623,1,0,0,0,0
8,2,2/12/13,3503,519,1,0,0,0,0
8,3,2/13/13,3993,553,1,0,0,0,0
8,4,2/14/13,5316,724,1,0,0,0,0
8,5,2/15/13,3737,499,1,0,0,0,0
8,6,2/16/13,2488,299,1,0,0,0,0
8,7,2/17/13,0,0,0,0,0,0,0
8,1,2/18/13,8184,830,1,1,0,0,0
8,2,2/19/13,6351,704,1,1,0,0,0
8,3,2/20/13,6324,697,1,1,0,0,0
8,4,2/21/13,6562,781,1,1,0,0,0
8,5,2/22/13,5493,610,1,1,0,0,0
8,6,2/23/13,2122,273,1,0,0,0,0
8,7,2/24/13,0,0,0,0,0,0,0
8,1,2/25/13,4241,609,1,0,0,0,0
8,2,2/26/13,4031,544,1,0,0,0,0
8,3,2/27/13,4152,580,1,0,0,0,0
8,4,2/28/13,5545,740,1,0,0,0,0
8,5,3/1/13,4465,571,1,0,0,0,0
8,6,3/2/13,2574,317,1,0,0,0,0
8,7,3/3/13,0,0,0,0,0,0,0
8,1,3/4/13,8279,917,1,1,0,0,0
8,2,3/5/13,7947,836,1,1,0,0,0
8,3,3/6/13,5977,687,1,1,0,0,0
8,4,3/7/13,6875,829,1,1,0,0,0
8,5,3/8/13,5223,595,1,1,0,0,0
8,6,3/9/13,2263,284,1,0,0,0,0
8,7,3/10/13,0,0,0,0,0,0,0
8,1,3/11/13,3641,516,1,0,0,0,0
8,2,3/12/13,3729,575,1,0,0,0,0
8,3,3/13/13,3973,530,1,0,0,0,0
8,4,3/14/13,4878,695,1,0,0,0,0
8,5,3/15/13,4424,527,1,0,0,0,0
8,6,3/16/13,2512,289,1,0,0,0,0
8,7,3/17/13,0,0,0,0,0,0,0
8,1,3/18/13,7418,757,1,1,0,0,0
8,2,3/19/13,6587,731,1,1,0,0,0
8,3,3/20/13,7031,716,1,1,0,0,0
8,4,3/21/13,6808,819,1,1,0,0,0
8,5,3/22/13,4778,590,1,1,0,0,0
8,6,3/23/13,2284,298,1,0,0,0,0
8,7,3/24/13,0,0,0,0,0,0,0
8,1,3/25/13,7724,823,1,1,1,0,0
8,2,3/26/13,7070,775,1,1,1,0,0
8,3,3/27/13,6482,743,1,1,1,0,0
8,4,3/28/13,8966,965,1,1,1,0,0
8,5,3/29/13,0,0,0,1,1,0,0
8,6,3/30/13,3500,426,1,0,0,0,0
8,7,3/31/13,0,0,0,0,0,0,0
8,1,4/1/13,0,0,0,0,1,0,0
8,2,4/2/13,5409,701,1,0,1,0,0
8,3,4/3/13,4358,580,1,0,1,0,0
8,4,4/4/13,4649,657,1,0,1,0,0
8,5,4/5/13,4100,517,1,0,1,0,0
8,6,4/6/13,2646,303,1,0,0,0,0
8,7,4/7/13,0,0,0,0,0,0,0
8,1,4/8/13,8004,826,1,1,1,0,0
8,2,4/9/13,6875,761,1,1,1,0,0
8,3,4/10/13,5239,615,1,1,0,0,0
8,4,4/11/13,6009,755,1,1,0,0,0
8,5,4/12/13,5379,612,1,1,0,0,0
8,6,4/13/13,2202,303,1,0,0,0,0
8,7,4/14/13,0,0,0,0,0,0,0
8,1,4/15/13,3837,582,1,0,0,0,0
8,2,4/16/13,4346,623,1,0,0,0,0
8,3,4/17/13,3825,553,1,0,0,0,0
8,4,4/18/13,5039,737,1,0,0,0,0
8,5,4/19/13,3739,498,1,0,0,0,0
8,6,4/20/13,2562,315,1,0,0,0,0
8,7,4/21/13,0,0,0,0,0,0,0
8,1,4/22/13,7436,768,1,1,0,0,0
8,2,4/23/13,6195,715,1,1,0,0,0
8,3,4/24/13,5061,635,1,1,0,0,0
8,4,4/25/13,6315,784,1,1,0,0,0
8,5,4/26/13,4663,554,1,1,0,0,0
8,6,4/27/13,2471,324,1,0,0,0,0
8,7,4/28/13,0,0,0,0,0,0,0
8,1,4/29/13,8005,787,1,1,0,0,0
8,2,4/30/13,8872,898,1,1,0,0,0
8,3,5/1/13,0,0,0,1,0,0,0
8,4,5/2/13,7765,874,1,1,0,0,0
8,5,5/3/13,5790,636,1,1,0,0,0
8,6,5/4/13,2517,346,1,0,0,0,0
8,7,5/5/13,0,0,0,0,0,0,0
8,1,5/6/13,5090,652,1,0,0,0,0
8,2,5/7/13,4271,573,1,0,0,0,0
8,3,5/8/13,4797,618,1,0,0,0,0
8,4,5/9/13,0,0,0,0,0,0,0
8,5,5/10/13,4974,639,1,0,1,0,0
8,6,5/11/13,2552,320,1,0,0,0,0
8,7,5/12/13,0,0,0,0,0,0,0
8,1,5/13/13,7419,791,1,1,0,0,0
8,2,5/14/13,7531,826,1,1,0,0,0
8,3,5/15/13,5857,686,1,1,0,0,0
8,4,5/16/13,6893,845,1,1,0,0,0
8,5,5/17/13,5413,673,1,1,0,0,0
8,6,5/18/13,2549,312,1,0,0,0,0
8,7,5/19/13,0,0,0,0,0,0,0
8,1,5/20/13,0,0,0,0,0,0,0
8,2,5/21/13,4675,614,1,0,0,0,0
8,3,5/22/13,4062,528,1,0,0,0,0
8,4,5/23/13,4726,690,1,0,0,0,0
8,5,5/24/13,3944,532,1,0,0,0,0
8,6,5/25/13,2064,287,1,0,0,0,0
8,7,5/26/13,0,0,0,0,0,0,0
8,1,5/27/13,8313,890,1,1,0,0,0
8,2,5/28/13,6662,759,1,1,0,0,0
8,3,5/29/13,6244,663,1,1,0,0,0
8,4,5/30/13,7077,867,1,1,0,0,0
8,5,5/31/13,5701,676,1,1,0,0,0
8,6,6/1/13,2678,325,1,0,0,0,0
8,7,6/2/13,0,0,0,0,0,0,0
8,1,6/3/13,7562,835,1,1,0,0,0
8,2,6/4/13,7059,779,1,1,0,0,0
8,3,6/5/13,5549,659,1,1,0,0,0
8,4,6/6/13,6312,812,1,1,0,0,0
8,5,6/7/13,5273,619,1,1,0,0,0
8,6,6/8/13,2791,337,1,0,0,0,0
8,7,6/9/13,0,0,0,0,0,0,0
8,1,6/10/13,4942,659,1,0,0,0,0
8,2,6/11/13,4875,646,1,0,0,0,0
8,3,6/12/13,4295,570,1,0,0,0,0
8,4,6/13/13,4608,668,1,0,0,0,0
8,5,6/14/13,3828,507,1,0,0,0,0
8,6,6/15/13,2653,319,1,0,0,0,0
8,7,6/16/13,0,0,0,0,0,0,0
8,1,6/17/13,8248,850,1,1,0,0,0
8,2,6/18/13,7131,742,1,1,0,0,0
8,3,6/19/13,5355,639,1,1,0,0,0
8,4,6/20/13,6645,792,1,1,0,0,0
8,5,6/21/13,5986,651,1,1,0,0,0
8,6,6/22/13,2326,333,1,0,0,0,0
8,7,6/23/13,0,0,0,0,0,0,0
8,1,6/24/13,4572,625,1,0,1,0,0
8,2,6/25/13,4090,564,1,0,1,0,0
8,3,6/26/13,3794,516,1,0,1,0,0
8,4,6/27/13,4961,635,1,0,1,0,0
8,5,6/28/13,4293,525,1,0,1,0,0
8,6,6/29/13,2468,313,1,0,0,0,0
8,7,6/30/13,0,0,0,0,0,0,0
8,1,7/1/13,7771,846,1,1,1,0,0
8,2,7/2/13,6558,731,1,1,1,0,0
8,3,7/3/13,5081,571,1,1,1,0,0
8,4,7/4/13,6368,745,1,1,1,0,0
8,5,7/5/13,4959,595,1,1,1,0,0
8,6,7/6/13,2612,301,1,0,0,0,0
8,7,7/7/13,0,0,0,0,0,0,0
8,1,7/8/13,3960,556,1,0,1,0,0
8,2,7/9/13,4513,585,1,0,1,0,0
8,3,7/10/13,3668,496,1,0,1,0,0
8,4,7/11/13,4399,633,1,0,1,0,0
8,5,7/12/13,3881,506,1,0,1,0,0
8,6,7/13/13,2335,292,1,0,0,0,0
8,7,7/14/13,0,0,0,0,0,0,0
8,1,7/15/13,7751,782,1,1,1,0,0
8,2,7/16/13,6908,734,1,1,1,0,0
8,3,7/17/13,5267,571,1,1,1,0,0
8,4,7/18/13,5928,737,1,1,1,0,0
8,5,7/19/13,5194,574,1,1,1,0,0
8,6,7/20/13,1949,266,1,0,0,0,0
8,7,7/21/13,0,0,0,0,0,0,0
8,1,7/22/13,3989,540,1,0,1,0,0
8,2,7/23/13,3462,545,1,0,1,0,0
8,3,7/24/13,3689,494,1,0,1,0,0
8,4,7/25/13,3986,627,1,0,1,0,0
8,5,7/26/13,3011,462,1,0,1,0,0
8,6,7/27/13,2257,311,1,0,0,0,0
8,7,7/28/13,0,0,0,0,0,0,0
8,1,7/29/13,8276,830,1,1,1,0,0
8,2,7/30/13,6882,759,1,1,1,0,0
8,3,7/31/13,7197,774,1,1,1,0,0
8,4,8/1/13,7286,849,1,1,1,0,0
8,5,8/2/13,4905,601,1,1,1,0,0
8,6,8/3/13,2372,310,1,0,0,0,0
8,7,8/4/13,0,0,0,0,0,0,0
8,1,8/5/13,4805,641,1,0,0,0,0
8,2,8/6/13,4090,610,1,0,0,0,0
8,3,8/7/13,4158,538,1,0,0,0,0
8,4,8/8/13,4648,654,1,0,0,0,0
8,5,8/9/13,3901,509,1,0,0,0,0
8,6,8/10/13,2378,298,1,0,0,0,0
8,7,8/11/13,0,0,0,0,0,0,0
8,1,8/12/13,8337,896,1,1,0,0,0
8,2,8/13/13,7033,763,1,1,0,0,0
8,3,8/14/13,6040,659,1,1,0,0,0
8,4,8/15/13,6922,850,1,1,0,0,0
8,5,8/16/13,4651,727,1,1,0,0,0
8,6,8/17/13,1725,283,1,0,0,0,0
8,7,8/18/13,0,0,0,0,0,0,0
8,1,8/19/13,4048,580,1,0,0,0,0
8,2,8/20/13,4103,622,1,0,0,0,0
8,3,8/21/13,3740,511,1,0,0,0,0
8,4,8/22/13,4272,679,1,0,0,0,0
8,5,8/23/13,4104,552,1,0,0,0,0
8,6,8/24/13,1890,286,1,0,0,0,0
8,7,8/25/13,0,0,0,0,0,0,0
8,1,8/26/13,8021,802,1,1,0,0,0
8,2,8/27/13,6986,796,1,1,0,0,0
8,3,8/28/13,6032,657,1,1,0,0,0
8,4,8/29/13,6844,858,1,1,0,0,0
8,5,8/30/13,6390,696,1,1,0,0,0
8,6,8/31/13,2942,347,1,0,0,0,0
8,7,9/1/13,0,0,0,0,0,0,0
8,1,9/2/13,3931,550,1,0,0,0,0
8,2,9/3/13,4698,639,1,0,0,0,0
8,3,9/4/13,4359,595,1,0,0,0,0
8,4,9/5/13,4907,687,1,0,0,0,0
8,5,9/6/13,3586,494,1,0,0,0,0
8,6,9/7/13,2323,307,1,0,0,0,0
8,7,9/8/13,0,0,0,0,0,0,0
8,1,9/9/13,7467,779,1,1,0,0,0
8,2,9/10/13,7007,759,1,1,0,0,0
8,3,9/11/13,5863,703,1,1,0,0,0
8,4,9/12/13,6614,828,1,1,0,0,0
8,5,9/13/13,5226,634,1,1,0,0,0
8,6,9/14/13,2382,344,1,0,0,0,0
8,7,9/15/13,0,0,0,0,0,0,0
8,1,9/16/13,4001,597,1,0,0,0,0
8,2,9/17/13,4473,636,1,0,0,0,0
8,3,9/18/13,3545,554,1,0,0,0,0
8,4,9/19/13,4278,641,1,0,0,0,0
8,5,9/20/13,3628,503,1,0,0,0,0
8,6,9/21/13,2023,273,1,0,0,0,0
8,7,9/22/13,0,0,0,0,0,0,0
8,1,9/23/13,7534,811,1,1,0,0,0
8,2,9/24/13,6431,725,1,1,0,0,0
8,3,9/25/13,5200,633,1,1,0,0,0
8,4,9/26/13,6475,823,1,1,0,0,0
8,5,9/27/13,4989,555,1,1,0,0,0
8,6,9/28/13,2604,339,1,0,0,0,0
8,7,9/29/13,0,0,0,0,0,0,0
8,1,9/30/13,5396,678,1,0,0,0,0
8,2,10/1/13,4857,679,1,0,0,0,0
8,3,10/2/13,4771,643,1,0,0,0,0
8,4,10/3/13,0,0,0,0,0,0,0
8,5,10/4/13,4802,609,1,0,1,0,0
8,6,10/5/13,2862,363,1,0,0,0,0
8,7,10/6/13,0,0,0,0,0,0,0
8,1,10/7/13,8217,859,1,1,1,0,0
8,2,10/8/13,6621,730,1,1,1,0,0
8,3,10/9/13,5218,607,1,1,1,0,0
8,4,10/10/13,6000,796,1,1,1,0,0
8,5,10/11/13,5018,615,1,1,1,0,0
8,6,10/12/13,2153,286,1,0,0,0,0
8,7,10/13/13,0,0,0,0,0,0,0
8,1,10/14/13,5157,700,1,0,1,0,0
8,2,10/15/13,3851,559,1,0,1,0,0
8,3,10/16/13,3511,491,1,0,1,0,0
8,4,10/17/13,3915,557,1,0,1,0,0
8,5,10/18/13,3820,540,1,0,1,0,0
8,6,10/19/13,2742,330,1,0,0,0,0
8,7,10/20/13,0,0,0,0,0,0,0
8,1,10/21/13,7723,828,1,1,0,0,0
8,2,10/22/13,6778,797,1,1,0,0,0
8,3,10/23/13,5349,662,1,1,0,0,0
8,4,10/24/13,6093,793,1,1,0,0,0
8,5,10/25/13,4970,601,1,1,0,0,0
8,6,10/26/13,2284,319,1,0,0,0,0
8,7,10/27/13,0,0,0,0,0,0,0
8,1,10/28/13,3893,548,1,0,0,0,0
8,2,10/29/13,4284,570,1,0,0,0,0
8,3,10/30/13,4695,624,1,0,0,0,0
8,4,10/31/13,5995,798,1,0,0,0,0
8,5,11/1/13,4724,593,1,0,0,0,0
8,6,11/2/13,2937,348,1,0,0,0,0
8,7,11/3/13,0,0,0,0,0,0,0
8,1,11/4/13,7156,721,1,1,0,0,0
8,2,11/5/13,7629,818,1,1,0,0,0
8,3,11/6/13,5816,655,1,1,0,0,0
8,4,11/7/13,6685,834,1,1,0,0,0
8,5,11/8/13,5547,633,1,1,0,0,0
8,6,11/9/13,2474,289,1,0,0,0,0
8,7,11/10/13,0,0,0,0,0,0,0
8,1,11/11/13,4507,646,1,0,0,0,0
8,2,11/12/13,4276,571,1,0,0,0,0
8,3,11/13/13,4248,586,1,0,0,0,0
8,4,11/14/13,5046,714,1,0,0,0,0
8,5,11/15/13,4319,535,1,0,0,0,0
8,6,11/16/13,2523,332,1,0,0,0,0
8,7,11/17/13,0,0,0,0,0,0,0
8,1,11/18/13,7831,800,1,1,0,0,0
8,2,11/19/13,6779,742,1,1,0,0,0
8,3,11/20/13,6195,694,1,1,0,0,0
8,4,11/21/13,6341,799,1,1,0,0,0
8,5,11/22/13,4925,635,1,1,0,0,0
8,6,11/23/13,3077,354,1,0,0,0,0
8,7,11/24/13,0,0,0,0,0,0,0
8,1,11/25/13,5028,671,1,0,0,0,0
8,2,11/26/13,4714,606,1,0,0,0,0
8,3,11/27/13,4533,560,1,0,0,0,0
8,4,11/28/13,5797,739,1,0,0,0,0
8,5,11/29/13,5032,596,1,0,0,0,0
8,6,11/30/13,4069,517,1,0,0,0,0
8,7,12/1/13,0,0,0,0,0,0,0
8,1,12/2/13,9550,940,1,1,0,0,0
8,2,12/3/13,8255,841,1,1,0,0,0
8,3,12/4/13,6884,716,1,1,0,0,0
8,4,12/5/13,7335,751,1,1,0,0,0
8,5,12/6/13,5501,615,1,1,0,0,0
8,6,12/7/13,3881,515,1,0,0,0,0
8,7,12/8/13,0,0,0,0,0,0,0
8,1,12/9/13,5099,659,1,0,0,0,0
8,2,12/10/13,5388,684,1,0,0,0,0
8,3,12/11/13,4912,633,1,0,0,0,0
8,4,12/12/13,5784,756,1,0,0,0,0
8,5,12/13/13,4975,595,1,0,0,0,0
8,6,12/14/13,3346,369,1,0,0,0,0
8,7,12/15/13,0,0,0,0,0,0,0
8,1,12/16/13,10322,1001,1,1,0,0,0
8,2,12/17/13,9375,886,1,1,0,0,0
8,3,12/18/13,8575,892,1,1,0,0,0
8,4,12/19/13,7867,908,1,1,0,0,0
8,5,12/20/13,8010,826,1,1,0,0,0
8,6,12/21/13,4307,518,1,0,0,0,0
8,7,12/22/13,0,0,0,0,0,0,0
8,1,12/23/13,8753,976,1,0,1,0,0
8,2,12/24/13,3311,362,1,0,1,0,0
8,3,12/25/13,0,0,0,0,1,0,0
8,4,12/26/13,0,0,0,0,1,0,0
8,5,12/27/13,4777,560,1,0,1,0,0
8,6,12/28/13,2481,312,1,0,0,0,0
8,7,12/29/13,0,0,0,0,0,0,0
8,1,12/30/13,5735,729,1,0,1,0,0
8,2,12/31/13,2694,354,1,0,1,0,0
8,3,1/1/14,0,0,0,0,1,0,0
8,4,1/2/14,5177,709,1,0,1,0,0
8,5,1/3/14,4095,512,1,0,1,0,0
8,6,1/4/14,2368,330,1,0,0,0,0
8,7,1/5/14,0,0,0,0,0,0,0
8,1,1/6/14,8611,856,1,1,1,0,0
8,2,1/7/14,6468,765,1,1,0,0,0
8,3,1/8/14,5677,630,1,1,0,0,0
8,4,1/9/14,6011,739,1,1,0,0,0
8,5,1/10/14,5481,636,1,1,0,0,0
8,6,1/11/14,2563,299,1,0,0,0,0
8,7,1/12/14,0,0,0,0,0,0,0
8,1,1/13/14,4129,602,1,0,0,0,0
8,2,1/14/14,3929,558,1,0,0,0,0
8,3,1/15/14,3594,496,1,0,0,0,0
8,4,1/16/14,4352,655,1,0,0,0,0
8,5,1/17/14,3984,495,1,0,0,0,0
8,6,1/18/14,2089,292,1,0,0,0,0
8,7,1/19/14,0,0,0,0,0,0,0
8,1,1/20/14,8293,873,1,1,0,0,0
8,2,1/21/14,6390,709,1,1,0,0,0
8,3,1/22/14,5726,638,1,1,0,0,0
8,4,1/23/14,6666,734,1,1,0,0,0
8,5,1/24/14,4992,620,1,1,0,0,0
8,6,1/25/14,2424,317,1,0,0,0,0
8,7,1/26/14,0,0,0,0,0,0,0
8,1,1/27/14,4360,629,1,0,0,0,0
8,2,1/28/14,4137,592,1,0,0,0,0
8,3,1/29/14,3977,515,1,0,0,0,0
8,4,1/30/14,5550,762,1,0,0,0,0
8,5,1/31/14,4380,560,1,0,0,0,0
8,6,2/1/14,2845,342,1,0,0,0,0
8,7,2/2/14,0,0,0,0,0,0,0
8,1,2/3/14,8864,898,1,1,0,0,0
8,2,2/4/14,7493,803,1,1,0,0,0
8,3,2/5/14,6595,757,1,1,0,0,0
8,4,2/6/14,6649,829,1,1,0,0,0
8,5,2/7/14,5145,573,1,1,0,0,0
8,6,2/8/14,2804,357,1,0,0,0,0
8,7,2/9/14,0,0,0,0,0,0,0
8,1,2/10/14,4777,704,1,0,0,0,0
8,2,2/11/14,4514,635,1,0,0,0,0
8,3,2/12/14,4076,552,1,0,0,0,0
8,4,2/13/14,5555,773,1,0,0,0,0
8,5,2/14/14,4423,590,1,0,0,0,0
8,6,2/15/14,2751,370,1,0,0,0,0
8,7,2/16/14,0,0,0,0,0,0,0
8,1,2/17/14,8750,897,1,1,0,0,0
8,2,2/18/14,7008,786,1,1,0,0,0
8,3,2/19/14,5299,631,1,1,0,0,0
8,4,2/20/14,6580,824,1,1,0,0,0
8,5,2/21/14,5064,589,1,1,0,0,0
8,6,2/22/14,2838,381,1,0,0,0,0
8,7,2/23/14,0,0,0,0,0,0,0
8,1,2/24/14,4448,619,1,0,0,0,0
8,2,2/25/14,3831,570,1,0,0,0,0
8,3,2/26/14,3719,560,1,0,0,0,0
8,4,2/27/14,5122,748,1,0,0,0,0
8,5,2/28/14,4403,552,1,0,0,0,0
8,6,3/1/14,3557,392,1,0,0,0,0
8,7,3/2/14,0,0,0,0,0,0,0
8,1,3/3/14,9385,943,1,1,0,0,0
8,2,3/4/14,7519,808,1,1,0,0,0
8,3,3/5/14,6329,721,1,1,0,0,0
8,4,3/6/14,6717,815,1,1,0,0,0
8,5,3/7/14,5634,646,1,1,0,0,0
8,6,3/8/14,2806,376,1,0,0,0,0
8,7,3/9/14,0,0,0,0,0,0,0
8,1,3/10/14,4311,649,1,0,0,0,0
8,2,3/11/14,4386,595,1,0,0,0,0
8,3,3/12/14,4191,595,1,0,0,0,0
8,4,3/13/14,4921,698,1,0,0,0,0
8,5,3/14/14,3929,500,1,0,0,0,0
8,6,3/15/14,2519,327,1,0,0,0,0
8,7,3/16/14,0,0,0,0,0,0,0
8,1,3/17/14,7658,818,1,1,0,0,0
8,2,3/18/14,6688,750,1,1,0,0,0
8,3,3/19/14,5517,630,1,1,0,0,0
8,4,3/20/14,5616,783,1,1,0,0,0
8,5,3/21/14,4308,550,1,1,0,0,0
8,6,3/22/14,2701,385,1,0,0,0,0
8,7,3/23/14,0,0,0,0,0,0,0
8,1,3/24/14,4550,644,1,0,0,0,0
8,2,3/25/14,4490,590,1,0,0,0,0
8,3,3/26/14,4172,570,1,0,0,0,0
8,4,3/27/14,5091,704,1,0,0,0,0
8,5,3/28/14,4502,582,1,0,0,0,0
8,6,3/29/14,2866,347,1,0,0,0,0
8,7,3/30/14,0,0,0,0,0,0,0
8,1,3/31/14,8934,909,1,1,0,0,0
8,2,4/1/14,8406,857,1,1,0,0,0
8,3,4/2/14,6452,716,1,1,0,0,0
8,4,4/3/14,6697,818,1,1,0,0,0
8,5,4/4/14,4978,579,1,1,0,0,0
8,6,4/5/14,2677,343,1,0,0,0,0
8,7,4/6/14,0,0,0,0,0,0,0
8,1,4/7/14,4816,660,1,0,0,0,0
8,2,4/8/14,4506,608,1,0,0,0,0
8,3,4/9/14,4406,597,1,0,0,0,0
8,4,4/10/14,5381,752,1,0,0,0,0
8,5,4/11/14,4194,541,1,0,0,0,0
8,6,4/12/14,2833,365,1,0,0,0,0
8,7,4/13/14,0,0,0,0,0,0,0
8,1,4/14/14,8189,791,1,1,0,0,0
8,2,4/15/14,8942,925,1,1,0,0,0
8,3,4/16/14,6931,802,1,1,1,0,0
8,4,4/17/14,7662,941,1,1,1,0,0
8,5,4/18/14,0,0,0,1,1,0,0
8,6,4/19/14,3144,436,1,0,0,0,0
8,7,4/20/14,0,0,0,0,0,0,0
8,1,4/21/14,0,0,0,0,1,0,0
8,2,4/22/14,4863,669,1,0,1,0,0
8,3,4/23/14,4229,598,1,0,1,0,0
8,4,4/24/14,4888,704,1,0,1,0,0
8,5,4/25/14,3364,476,1,0,1,0,0
8,6,4/26/14,2298,329,1,0,0,0,0
8,7,4/27/14,0,0,0,0,0,0,0
8,1,4/28/14,7840,793,1,1,1,0,0
8,2,4/29/14,6998,785,1,1,1,0,0
8,3,4/30/14,7589,842,1,1,1,0,0
8,4,5/1/14,0,0,0,1,1,0,0
8,5,5/2/14,6775,749,1,1,1,0,0
8,6,5/3/14,2907,378,1,0,0,0,0
8,7,5/4/14,0,0,0,0,0,0,0
8,1,5/5/14,8967,936,1,1,0,0,0
8,2,5/6/14,7095,802,1,1,0,0,0
8,3,5/7/14,5357,645,1,1,0,0,0
8,4,5/8/14,5968,696,1,1,0,0,0
8,5,5/9/14,5925,651,1,1,0,0,0
8,6,5/10/14,2713,393,1,0,0,0,0
8,7,5/11/14,0,0,0,0,0,0,0
8,1,5/12/14,4623,606,1,0,0,0,0
8,2,5/13/14,4609,653,1,0,0,0,0
8,3,5/14/14,5203,685,1,0,0,0,0
8,4,5/15/14,4808,693,1,0,0,0,0
8,5,5/16/14,3941,536,1,0,0,0,0
8,6,5/17/14,2617,356,1,0,0,0,0
8,7,5/18/14,0,0,0,0,0,0,0
8,1,5/19/14,7996,856,1,1,0,0,0
8,2,5/20/14,6191,720,1,1,0,0,0
8,3,5/21/14,5064,629,1,1,0,0,0
8,4,5/22/14,6673,810,1,1,0,0,0
8,5,5/23/14,4887,581,1,1,0,0,0
8,6,5/24/14,2657,363,1,0,0,0,0
8,7,5/25/14,0,0,0,0,0,0,0
8,1,5/26/14,4871,680,1,0,0,0,0
8,2,5/27/14,5174,635,1,0,0,0,0
8,3,5/28/14,5137,651,1,0,0,0,0
8,4,5/29/14,0,0,0,0,0,0,0
8,5,5/30/14,5717,662,1,0,1,0,0
8,6,5/31/14,2990,374,1,0,0,0,0
8,7,6/1/14,0,0,0,0,0,0,0
8,1,6/2/14,8799,935,1,1,0,0,0
8,2,6/3/14,7251,764,1,1,0,0,0
8,3,6/4/14,7052,752,1,1,0,0,0
8,4,6/5/14,6476,758,1,1,0,0,0
8,5,6/6/14,5789,687,1,1,0,0,0
8,6,6/7/14,2878,391,1,0,0,0,0
8,7,6/8/14,0,0,0,0,0,0,0
8,1,6/9/14,0,0,0,0,0,0,0
8,2,6/10/14,5891,741,1,0,0,0,0
8,3,6/11/14,4787,610,1,0,0,0,0
8,4,6/12/14,5671,752,1,0,0,0,0
8,5,6/13/14,4417,551,1,0,0,0,0
8,6,6/14/14,2576,346,1,0,0,0,0
8,7,6/15/14,0,0,0,0,0,0,0
8,1,6/16/14,7949,807,1,1,0,0,0
8,2,6/17/14,6640,746,1,1,0,0,0
8,3,6/18/14,5944,680,1,1,0,0,0
8,4,6/19/14,6638,783,1,1,0,0,0
8,5,6/20/14,5236,601,1,1,0,0,0
8,6,6/21/14,2759,336,1,0,0,0,0
8,7,6/22/14,0,0,0,0,0,0,0
8,1,6/23/14,4795,643,1,0,0,0,0
8,2,6/24/14,4828,602,1,0,0,0,0
8,3,6/25/14,4058,555,1,0,0,0,0
8,4,6/26/14,4779,716,1,0,0,0,0
8,5,6/27/14,4334,565,1,0,0,0,0
8,6,6/28/14,2810,369,1,0,0,0,0
8,7,6/29/14,0,0,0,0,0,0,0
8,1,6/30/14,9775,953,1,1,0,0,0
8,2,7/1/14,8053,850,1,1,0,0,0
8,3,7/2/14,6475,756,1,1,0,0,0
8,4,7/3/14,6978,842,1,1,0,0,0
8,5,7/4/14,5093,615,1,1,0,0,0
8,6,7/5/14,2565,326,1,0,0,0,0
8,7,7/6/14,0,0,0,0,0,0,0
8,1,7/7/14,5486,738,1,0,0,0,0
8,2,7/8/14,4331,604,1,0,0,0,0
8,3,7/9/14,4267,604,1,0,0,0,0
8,4,7/10/14,5518,753,1,0,0,0,0
8,5,7/11/14,4483,583,1,0,0,0,0
8,6,7/12/14,2969,392,1,0,0,0,0
8,7,7/13/14,0,0,0,0,0,0,0
8,1,7/14/14,7606,764,1,1,1,0,0
8,2,7/15/14,7085,731,1,1,1,0,0
8,3,7/16/14,6317,679,1,1,1,0,0
8,4,7/17/14,7147,837,1,1,1,0,0
8,5,7/18/14,5007,604,1,1,1,0,0
8,6,7/19/14,2445,330,1,0,0,0,0
8,7,7/20/14,0,0,0,0,0,0,0
8,1,7/21/14,5180,635,1,0,1,0,0
8,2,7/22/14,3884,578,1,0,1,0,0
8,3,7/23/14,3557,491,1,0,1,0,0
8,4,7/24/14,4357,640,1,0,1,0,0
8,5,7/25/14,3959,493,1,0,1,0,0
8,6,7/26/14,2656,371,1,0,0,0,0
8,7,7/27/14,0,0,0,0,0,0,0
8,1,7/28/14,7774,807,1,1,1,0,0
8,2,7/29/14,6700,735,1,1,1,0,0
8,3,7/30/14,6219,662,1,1,1,0,0
8,4,7/31/14,7337,805,1,1,1,0,0
8,5,8/1/14,6115,689,1,1,1,0,0
8,6,8/2/14,3100,380,1,0,0,0,0
8,7,8/3/14,0,0,0,0,0,0,0
8,1,8/4/14,8066,820,1,1,1,0,0
8,2,8/5/14,7054,758,1,1,1,0,0
8,3,8/6/14,6070,650,1,1,1,0,0
8,4,8/7/14,6240,747,1,1,1,0,0
8,5,8/8/14,5187,626,1,1,1,0,0
8,6,8/9/14,2483,336,1,0,0,0,0
8,7,8/10/14,0,0,0,0,0,0,0
8,1,8/11/14,4815,614,1,0,1,0,0
8,2,8/12/14,4351,606,1,0,1,0,0
8,3,8/13/14,4178,582,1,0,1,0,0
8,4,8/14/14,4588,662,1,0,1,0,0
8,5,8/15/14,4095,646,1,0,1,0,0
8,6,8/16/14,2254,373,1,0,0,0,0
8,7,8/17/14,0,0,0,0,0,0,0
8,1,8/18/14,7444,768,1,1,1,0,0
8,2,8/19/14,6890,760,1,1,1,0,0
8,3,8/20/14,5982,644,1,1,1,0,0
8,4,8/21/14,6594,801,1,1,1,0,0
8,5,8/22/14,5039,588,1,1,1,0,0
8,6,8/23/14,2910,375,1,0,0,0,0
8,7,8/24/14,0,0,0,0,0,0,0
8,1,8/25/14,4894,692,1,0,0,0,0
8,2,8/26/14,4027,599,1,0,0,0,0
8,3,8/27/14,4563,603,1,0,0,0,0
8,4,8/28/14,5374,733,1,0,0,0,0
8,5,8/29/14,5373,646,1,0,0,0,0
8,6,8/30/14,3802,433,1,0,0,0,0
8,7,8/31/14,0,0,0,0,0,0,0
8,1,9/1/14,9367,918,1,1,0,0,0
8,2,9/2/14,6897,794,1,1,0,0,0
8,3,9/3/14,6428,689,1,1,0,0,0
8,4,9/4/14,6689,822,1,1,0,0,0
8,5,9/5/14,5838,667,1,1,0,0,0
8,6,9/6/14,2823,355,1,0,0,0,0
8,7,9/7/14,0,0,0,0,0,0,0
8,1,9/8/14,4844,678,1,0,0,0,0
8,2,9/9/14,4040,581,1,0,0,0,0
8,3,9/10/14,4117,567,1,0,0,0,0
8,4,9/11/14,5369,729,1,0,0,0,0
8,5,9/12/14,4859,627,1,0,0,0,0
8,6,9/13/14,3268,386,1,0,0,0,0
8,7,9/14/14,0,0,0,0,0,0,0
8,1,9/15/14,8513,895,1,1,0,0,0
8,2,9/16/14,7046,772,1,1,0,0,0
8,3,9/17/14,6038,702,1,1,0,0,0
8,4,9/18/14,6552,836,1,1,0,0,0
8,5,9/19/14,5685,673,1,1,0,0,0
8,6,9/20/14,2626,359,1,0,0,0,0
8,7,9/21/14,0,0,0,0,0,0,0
8,1,9/22/14,4737,695,1,0,0,0,0
8,2,9/23/14,5135,692,1,0,0,0,0
8,3,9/24/14,5021,637,1,0,0,0,0
8,4,9/25/14,5233,716,1,0,0,0,0
8,5,9/26/14,5186,618,1,0,0,0,0
8,6,9/27/14,3380,414,1,0,0,0,0
8,7,9/28/14,0,0,0,0,0,0,0
8,1,9/29/14,8630,920,1,1,0,0,0
8,2,9/30/14,9061,915,1,1,0,0,0
8,3,10/1/14,6826,842,1,1,0,0,0
8,4,10/2/14,8234,975,1,1,0,0,0
8,5,10/3/14,0,0,0,1,0,0,0
8,6,10/4/14,4208,487,1,0,0,0,0
8,7,10/5/14,0,0,0,0,0,0,0
8,1,10/6/14,10198,1027,1,1,0,0,0
8,2,10/7/14,6435,718,1,1,0,0,0
8,3,10/8/14,6783,807,1,1,0,0,0
8,4,10/9/14,7586,949,1,1,0,0,0
8,5,10/10/14,6394,749,1,1,0,0,0
8,6,10/11/14,3688,464,1,0,0,0,0
8,7,10/12/14,0,0,0,0,0,0,0
8,1,10/13/14,5053,686,1,0,1,0,0
8,2,10/14/14,4754,672,1,0,1,0,0
8,3,10/15/14,4404,592,1,0,1,0,0
8,4,10/16/14,5516,793,1,0,1,0,0
8,5,10/17/14,4318,557,1,0,1,0,0
8,6,10/18/14,3355,423,1,0,0,0,0
8,7,10/19/14,0,0,0,0,0,0,0
8,1,10/20/14,8561,902,1,1,1,0,0
8,2,10/21/14,6081,684,1,1,1,0,0
8,3,10/22/14,5869,737,1,1,1,0,0
8,4,10/23/14,6936,888,1,1,1,0,0
8,5,10/24/14,6330,684,1,1,1,0,0
8,6,10/25/14,3128,443,1,0,0,0,0
8,7,10/26/14,0,0,0,0,0,0,0
8,1,10/27/14,5067,740,1,0,0,0,0
8,2,10/28/14,5477,717,1,0,0,0,0
8,3,10/29/14,5042,612,1,0,0,0,0
8,4,10/30/14,6677,838,1,0,0,0,0
8,5,10/31/14,6223,780,1,0,0,0,0
8,6,11/1/14,3903,491,1,0,0,0,0
8,7,11/2/14,0,0,0,0,0,0,0
8,1,11/3/14,9844,1019,1,1,0,0,0
8,2,11/4/14,7805,880,1,1,0,0,0
8,3,11/5/14,6603,756,1,1,0,0,0
8,4,11/6/14,7378,935,1,1,0,0,0
8,5,11/7/14,7069,811,1,1,0,0,0
8,6,11/8/14,3274,445,1,0,0,0,0
8,7,11/9/14,0,0,0,0,0,0,0
8,1,11/10/14,8504,913,1,1,0,0,0
8,2,11/11/14,7782,875,1,1,0,0,0
8,3,11/12/14,7146,773,1,1,0,0,0
8,4,11/13/14,7844,954,1,1,0,0,0
8,5,11/14/14,5749,724,1,1,0,0,0
8,6,11/15/14,3583,445,1,0,0,0,0
8,7,11/16/14,0,0,0,0,0,0,0
8,1,11/17/14,6416,812,1,0,0,0,0
8,2,11/18/14,5834,766,1,0,0,0,0
8,3,11/19/14,5376,684,1,0,0,0,0
8,4,11/20/14,5759,796,1,0,0,0,0
8,5,11/21/14,4958,620,1,0,0,0,0
8,6,11/22/14,3591,418,1,0,0,0,0
8,7,11/23/14,0,0,0,0,0,0,0
8,1,11/24/14,9339,966,1,1,0,0,0
8,2,11/25/14,7840,853,1,1,0,0,0
8,3,11/26/14,8065,839,1,1,0,0,0
8,4,11/27/14,9182,956,1,1,0,0,0
8,5,11/28/14,8094,812,1,1,0,0,0
8,6,11/29/14,5052,542,1,0,0,0,0
8,7,11/30/14,0,0,0,0,0,0,0
8,1,12/1/14,10924,1043,1,1,0,0,0
8,2,12/2/14,8470,871,1,1,0,0,0
8,3,12/3/14,7504,751,1,1,0,0,0
8,4,12/4/14,8417,896,1,1,0,0,0
8,5,12/5/14,8258,879,1,1,0,0,0
8,6,12/6/14,5486,660,1,0,0,0,0
8,7,12/7/14,0,0,0,0,0,0,0
8,1,12/8/14,6852,792,1,0,0,0,0
8,2,12/9/14,6751,798,1,0,0,0,0
8,3,12/10/14,5649,662,1,0,0,0,0
8,4,12/11/14,6076,808,1,0,0,0,0
8,5,12/12/14,5008,590,1,0,0,0,0
8,6,12/13/14,4457,509,1,0,0,0,0
8,7,12/14/14,0,0,0,0,0,0,0
8,1,12/15/14,10956,1014,1,1,0,0,0
8,2,12/16/14,9550,925,1,1,0,0,0
8,3,12/17/14,8282,828,1,1,0,0,0
8,4,12/18/14,9008,1021,1,1,0,0,0
8,5,12/19/14,7381,775,1,1,0,0,0
8,6,12/20/14,4339,487,1,0,0,0,0
8,7,12/21/14,0,0,0,0,0,0,0
8,1,12/22/14,7248,810,1,0,1,0,0
8,2,12/23/14,7962,928,1,0,1,0,0
8,3,12/24/14,3738,401,1,0,1,0,0
8,4,12/25/14,0,0,0,0,1,0,0
8,5,12/26/14,0,0,0,0,1,0,0
8,6,12/27/14,3806,502,1,0,0,0,0
8,7,12/28/14,0,0,0,0,0,0,0
8,1,12/29/14,7086,799,1,0,1,0,0
8,2,12/30/14,6463,759,1,0,1,0,0
8,3,12/31/14,3025,394,1,0,1,0,0
8,4,1/1/15,0,0,0,0,1,0,0
8,5,1/2/15,5028,639,1,0,1,0,0
8,6,1/3/15,3250,371,1,0,0,0,0
8,7,1/4/15,0,0,0,0,0,0,0
8,1,1/5/15,9390,935,1,1,1,0,0
8,2,1/6/15,7182,844,1,1,1,0,0
8,3,1/7/15,7262,781,1,1,0,0,0
8,4,1/8/15,6089,721,1,1,0,0,0
8,5,1/9/15,4593,544,1,1,0,0,0
8,6,1/10/15,2763,345,1,0,0,0,0
8,7,1/11/15,0,0,0,0,0,0,0
8,1,1/12/15,8425,857,1,1,0,0,0
8,2,1/13/15,6463,712,1,1,0,0,0
8,3,1/14/15,6731,761,1,1,0,0,0
8,4,1/15/15,7242,824,1,1,0,0,0
8,5,1/16/15,6558,734,1,1,0,0,0
8,6,1/17/15,3571,435,1,0,0,0,0
8,7,1/18/15,0,0,0,0,0,0,0
8,1,1/19/15,6083,759,1,0,0,0,0
8,2,1/20/15,5540,727,1,0,0,0,0
8,3,1/21/15,4670,603,1,0,0,0,0
8,4,1/22/15,5447,748,1,0,0,0,0
8,5,1/23/15,4517,552,1,0,0,0,0
8,6,1/24/15,2803,378,1,0,0,0,0
8,7,1/25/15,0,0,0,0,0,0,0
8,1,1/26/15,7502,807,1,1,0,0,0
8,2,1/27/15,7804,887,1,1,0,0,0
8,3,1/28/15,6071,700,1,1,0,0,0
8,4,1/29/15,8403,913,1,1,0,0,0
8,5,1/30/15,6401,747,1,1,0,0,0
8,6,1/31/15,4063,485,1,0,0,0,0
8,7,2/1/15,0,0,0,0,0,0,0
8,1,2/2/15,8679,966,1,1,0,0,0
8,2,2/3/15,8146,872,1,1,0,0,0
8,3,2/4/15,6877,785,1,1,0,0,0
8,4,2/5/15,7002,890,1,1,0,0,0
8,5,2/6/15,6205,715,1,1,0,0,0
8,6,2/7/15,3603,450,1,0,0,0,0
8,7,2/8/15,0,0,0,0,0,0,0
8,1,2/9/15,5787,765,1,0,0,0,0
8,2,2/10/15,5070,665,1,0,0,0,0
8,3,2/11/15,5051,647,1,0,0,0,0
8,4,2/12/15,5694,776,1,0,0,0,0
8,5,2/13/15,5296,652,1,0,0,0,0
8,6,2/14/15,3765,454,1,0,0,0,0
8,7,2/15/15,0,0,0,0,0,0,0
8,1,2/16/15,9169,917,1,1,0,0,0
8,2,2/17/15,7938,797,1,1,0,0,0
8,3,2/18/15,7449,780,1,1,0,0,0
8,4,2/19/15,7768,915,1,1,0,0,0
8,5,2/20/15,6002,650,1,1,0,0,0
8,6,2/21/15,3402,393,1,0,0,0,0
8,7,2/22/15,0,0,0,0,0,0,0
8,1,2/23/15,4977,694,1,0,0,0,0
8,2,2/24/15,5368,674,1,0,0,0,0
8,3,2/25/15,5473,663,1,0,0,0,0
8,4,2/26/15,6350,803,1,0,0,0,0
8,5,2/27/15,6145,661,1,0,0,0,0
8,6,2/28/15,4103,451,1,0,0,0,0
8,7,3/1/15,0,0,0,0,0,0,0
8,1,3/2/15,8923,897,1,1,0,0,0
8,2,3/3/15,8163,829,1,1,0,0,0
8,3,3/4/15,6805,743,1,1,0,0,0
8,4,3/5/15,8282,939,1,1,0,0,0
8,5,3/6/15,6260,687,1,1,0,0,0
8,6,3/7/15,3589,468,1,0,0,0,0
8,7,3/8/15,0,0,0,0,0,0,0
8,1,3/9/15,4841,730,1,0,0,0,0
8,2,3/10/15,5538,719,1,0,0,0,0
8,3,3/11/15,4972,663,1,0,0,0,0
8,4,3/12/15,6036,846,1,0,0,0,0
8,5,3/13/15,4712,601,1,0,0,0,0
8,6,3/14/15,3414,405,1,0,0,0,0
8,7,3/15/15,0,0,0,0,0,0,0
8,1,3/16/15,9339,999,1,1,0,0,0
8,2,3/17/15,7635,848,1,1,0,0,0
8,3,3/18/15,6737,782,1,1,0,0,0
8,4,3/19/15,8233,909,1,1,0,0,0
8,5,3/20/15,5853,675,1,1,0,0,0
8,6,3/21/15,2993,381,1,0,0,0,0
8,7,3/22/15,0,0,0,0,0,0,0
8,1,3/23/15,5613,748,1,0,0,0,0
8,2,3/24/15,5581,712,1,0,0,0,0
8,3,3/25/15,5136,630,1,0,0,0,0
8,4,3/26/15,5508,733,1,0,0,0,0
8,5,3/27/15,5172,632,1,0,0,0,0
8,6,3/28/15,3502,410,1,0,0,0,0
8,7,3/29/15,0,0,0,0,0,0,0
8,1,3/30/15,9514,839,1,1,0,0,0
8,2,3/31/15,8752,802,1,1,0,0,0
8,3,4/1/15,8872,883,1,1,1,0,0
8,4,4/2/15,10532,1133,1,1,1,0,0
8,5,4/3/15,0,0,0,1,1,0,0
8,6,4/4/15,4838,557,1,0,0,0,0
8,7,4/5/15,0,0,0,0,0,0,0
8,1,4/6/15,0,0,0,0,1,0,0
8,2,4/7/15,6784,797,1,0,1,0,0
8,3,4/8/15,6183,711,1,0,1,0,0
8,4,4/9/15,6309,827,1,0,1,0,0
8,5,4/10/15,5271,666,1,0,1,0,0
8,6,4/11/15,3546,409,1,0,0,0,0
8,7,4/12/15,0,0,0,0,0,0,0
8,1,4/13/15,9881,936,1,1,1,0,0
8,2,4/14/15,8357,843,1,1,1,0,0
8,3,4/15/15,6489,738,1,1,1,0,0
8,4,4/16/15,8516,928,1,1,1,0,0
8,5,4/17/15,6049,646,1,1,1,0,0
8,6,4/18/15,3834,405,1,0,0,0,0
8,7,4/19/15,0,0,0,0,0,0,0
8,1,4/20/15,5591,744,1,0,0,0,0
8,2,4/21/15,5244,750,1,0,0,0,0
8,3,4/22/15,4605,602,1,0,0,0,0
8,4,4/23/15,6125,831,1,0,0,0,0
8,5,4/24/15,5160,603,1,0,0,0,0
8,6,4/25/15,3213,401,1,0,0,0,0
8,7,4/26/15,0,0,0,0,0,0,0
8,1,4/27/15,10468,1004,1,1,0,0,0
8,2,4/28/15,8419,897,1,1,0,0,0
8,3,4/29/15,8158,832,1,1,0,0,0
8,4,4/30/15,9956,1080,1,1,0,0,0
8,5,5/1/15,0,0,0,1,0,0,0
8,6,5/2/15,4910,524,1,0,0,0,0
8,7,5/3/15,0,0,0,0,0,0,0
8,1,5/4/15,9806,1031,1,1,0,0,0
8,2,5/5/15,7511,783,1,1,0,0,0
8,3,5/6/15,7510,800,1,1,0,0,0
8,4,5/7/15,7733,890,1,1,0,0,0
8,5,5/8/15,6793,723,1,1,0,0,0
8,6,5/9/15,3670,464,1,0,0,0,0
8,7,5/10/15,0,0,0,0,0,0,0
8,1,5/11/15,5752,732,1,0,0,0,0
8,2,5/12/15,5811,745,1,0,0,0,0
8,3,5/13/15,6012,769,1,0,0,0,0
8,4,5/14/15,0,0,0,0,0,0,0
8,5,5/15/15,5772,662,1,0,1,0,0
8,6,5/16/15,3158,372,1,0,0,0,0
8,7,5/17/15,0,0,0,0,0,0,0
8,1,5/18/15,8956,914,1,1,0,0,0
8,2,5/19/15,7358,796,1,1,0,0,0
8,3,5/20/15,6896,778,1,1,0,0,0
8,4,5/21/15,7441,914,1,1,0,0,0
8,5,5/22/15,6191,707,1,1,0,0,0
8,6,5/23/15,3199,394,1,0,0,0,0
8,7,5/24/15,0,0,0,0,0,0,0
8,1,5/25/15,0,0,0,0,0,0,0
8,2,5/26/15,6503,774,1,0,0,0,0
8,3,5/27/15,5573,696,1,0,0,0,0
8,4,5/28/15,6718,823,1,0,0,0,0
8,5,5/29/15,6451,732,1,0,0,0,0
8,6,5/30/15,4692,475,1,0,0,0,0
8,7,5/31/15,0,0,0,0,0,0,0
8,1,6/1/15,10971,1012,1,1,0,0,0
8,2,6/2/15,8143,837,1,1,0,0,0
8,3,6/3/15,7244,753,1,1,0,0,0
8,4,6/4/15,7964,973,1,1,0,0,0
8,5,6/5/15,5904,705,1,1,0,0,0
8,6,6/6/15,3349,434,1,0,0,0,0
8,7,6/7/15,0,0,0,0,0,0,0
8,1,6/8/15,6142,751,1,0,0,0,0
8,2,6/9/15,5273,696,1,0,0,0,0
8,3,6/10/15,5246,659,1,0,0,0,0
8,4,6/11/15,5703,790,1,0,0,0,0
8,5,6/12/15,5474,676,1,0,0,0,0
8,6,6/13/15,3456,397,1,0,0,0,0
8,7,6/14/15,0,0,0,0,0,0,0
8,1,6/15/15,9937,938,1,1,0,0,0
8,2,6/16/15,8386,879,1,1,0,0,0
8,3,6/17/15,7751,768,1,1,0,0,0
8,4,6/18/15,7302,871,1,1,0,0,0
8,5,6/19/15,6773,690,1,1,0,0,0
8,6,6/20/15,3611,409,1,0,0,0,0
8,7,6/21/15,0,0,0,0,0,0,0
8,1,6/22/15,4796,630,1,0,0,0,0
8,2,6/23/15,5501,759,1,0,0,0,0
8,3,6/24/15,5005,625,1,0,0,0,0
8,4,6/25/15,5956,771,1,0,0,0,0
8,5,6/26/15,5016,639,1,0,0,0,0
8,6,6/27/15,3611,397,1,0,0,0,0
8,7,6/28/15,0,0,0,0,0,0,0
8,1,6/29/15,10444,945,1,1,0,0,0
8,2,6/30/15,9836,968,1,1,0,0,0
8,3,7/1/15,8523,895,1,1,0,0,0
8,4,7/2/15,8658,981,1,1,0,0,0
8,5,7/3/15,6535,764,1,1,0,0,0
8,6,7/4/15,3418,428,1,0,0,0,0
8,7,7/5/15,0,0,0,0,0,0,0
8,1,7/6/15,6740,805,1,0,0,0,0
8,2,7/7/15,5365,679,1,0,0,0,0
8,3,7/8/15,5322,639,1,0,0,0,0
8,4,7/9/15,5602,765,1,0,0,0,0
8,5,7/10/15,6067,693,1,0,0,0,0
8,6,7/11/15,3707,425,1,0,0,0,0
8,7,7/12/15,0,0,0,0,0,0,0
8,1,7/13/15,9117,935,1,1,0,0,0
8,2,7/14/15,8845,840,1,1,0,0,0
8,3,7/15/15,7932,802,1,1,0,0,0
8,4,7/16/15,8808,988,1,1,0,0,0
8,5,7/17/15,6728,684,1,1,0,0,0
8,6,7/18/15,3813,442,1,0,0,0,0
8,7,7/19/15,0,0,0,0,0,0,0
8,1,7/20/15,5956,733,1,0,1,0,0
8,2,7/21/15,5168,673,1,0,1,0,0
8,3,7/22/15,4996,626,1,0,1,0,0
8,4,7/23/15,6109,783,1,0,1,0,0
8,5,7/24/15,4917,558,1,0,1,0,0
8,6,7/25/15,3288,398,1,0,0,0,0
8,7,7/26/15,0,0,0,0,0,0,0
8,1,7/27/15,8739,841,1,1,1,0,0
8,2,7/28/15,6717,695,1,1,1,0,0
8,3,7/29/15,7029,698,1,1,1,0,0
8,4,7/30/15,8420,882,1,1,1,0,0
8,5,7/31/15,8492,833,1,1,1,0,0
9,2,1/1/13,0,0,0,0,1,0,0
9,3,1/2/13,4903,481,1,0,1,0,0
9,4,1/3/13,4602,453,1,0,1,0,0
9,5,1/4/13,4798,497,1,0,1,0,0
9,6,1/5/13,4254,450,1,0,0,0,0
9,7,1/6/13,0,0,0,0,0,0,0
9,1,1/7/13,7574,605,1,1,0,0,0
9,2,1/8/13,6206,518,1,1,0,0,0
9,3,1/9/13,4699,431,1,1,0,0,0
9,4,1/10/13,5340,482,1,1,0,0,0
9,5,1/11/13,5855,528,1,1,0,0,0
9,6,1/12/13,4657,440,1,0,0,0,0
9,7,1/13/13,0,0,0,0,0,0,0
9,1,1/14/13,4761,455,1,0,0,0,0
9,2,1/15/13,2724,297,1,0,0,0,0
9,3,1/16/13,3761,367,1,0,0,0,0
9,4,1/17/13,3702,362,1,0,0,0,0
9,5,1/18/13,5325,487,1,0,0,0,0
9,6,1/19/13,4883,444,1,0,0,0,0
9,7,1/20/13,0,0,0,0,0,0,0
9,1,1/21/13,4658,437,1,1,0,0,0
9,2,1/22/13,6065,524,1,1,0,0,0
9,3,1/23/13,4904,460,1,1,0,0,0
9,4,1/24/13,5237,466,1,1,0,0,0
9,5,1/25/13,5501,488,1,1,0,0,0
9,6,1/26/13,4544,414,1,0,0,0,0
9,7,1/27/13,0,0,0,0,0,0,0
9,1,1/28/13,4683,458,1,0,0,0,0
9,2,1/29/13,3941,382,1,0,0,0,0
9,3,1/30/13,4341,415,1,0,0,0,0
9,4,1/31/13,5098,433,1,0,0,0,0
9,5,2/1/13,5610,473,1,0,0,0,0
9,6,2/2/13,5862,487,1,0,0,0,0
9,7,2/3/13,0,0,0,0,0,0,0
9,1,2/4/13,7431,625,1,1,0,0,0
9,2,2/5/13,6691,554,1,1,0,0,0
9,3,2/6/13,6396,559,1,1,0,0,0
9,4,2/7/13,5320,498,1,1,0,0,0
9,5,2/8/13,5876,530,1,1,0,0,0
9,6,2/9/13,5498,514,1,0,0,0,0
9,7,2/10/13,0,0,0,0,0,0,0
9,1,2/11/13,3745,387,1,0,0,0,0
9,2,2/12/13,4570,433,1,0,0,0,0
9,3,2/13/13,4613,467,1,0,0,0,0
9,4,2/14/13,4491,452,1,0,0,0,0
9,5,2/15/13,4832,469,1,0,0,0,0
9,6,2/16/13,5292,495,1,0,0,0,0
9,7,2/17/13,0,0,0,0,0,0,0
9,1,2/18/13,6933,571,1,1,0,0,0
9,2,2/19/13,5713,492,1,1,0,0,0
9,3,2/20/13,5231,484,1,1,0,0,0
9,4,2/21/13,5328,457,1,1,0,0,0
9,5,2/22/13,5254,469,1,1,0,0,0
9,6,2/23/13,4676,440,1,0,0,0,0
9,7,2/24/13,0,0,0,0,0,0,0
9,1,2/25/13,4373,445,1,0,0,0,0
9,2,2/26/13,3925,435,1,0,0,0,0
9,3,2/27/13,4032,403,1,0,0,0,0
9,4,2/28/13,5134,501,1,0,0,0,0
9,5,3/1/13,5578,483,1,0,0,0,0
9,6,3/2/13,5505,468,1,0,0,0,0
9,7,3/3/13,0,0,0,0,0,0,0
9,1,3/4/13,7785,666,1,1,0,0,0
9,2,3/5/13,6108,515,1,1,0,0,0
9,3,3/6/13,5988,553,1,1,0,0,0
9,4,3/7/13,5227,509,1,1,0,0,0
9,5,3/8/13,5788,513,1,1,0,0,0
9,6,3/9/13,5610,464,1,0,0,0,0
9,7,3/10/13,0,0,0,0,0,0,0
9,1,3/11/13,4312,431,1,0,0,0,0
9,2,3/12/13,4258,403,1,0,0,0,0
9,3,3/13/13,4521,457,1,0,0,0,0
9,4,3/14/13,4229,423,1,0,0,0,0
9,5,3/15/13,4748,454,1,0,0,0,0
9,6,3/16/13,4642,465,1,0,0,0,0
9,7,3/17/13,0,0,0,0,0,0,0
9,1,3/18/13,7244,653,1,1,0,0,0
9,2,3/19/13,5996,519,1,1,0,0,0
9,3,3/20/13,5096,432,1,1,0,0,0
9,4,3/21/13,5414,491,1,1,0,0,0
9,5,3/22/13,6215,508,1,1,0,0,0
9,6,3/23/13,4557,453,1,0,0,0,0
9,7,3/24/13,0,0,0,0,0,0,0
9,1,3/25/13,6717,598,1,1,1,0,0
9,2,3/26/13,6257,576,1,1,1,0,0
9,3,3/27/13,6816,580,1,1,1,0,0
9,4,3/28/13,8515,702,1,1,1,0,0
9,5,3/29/13,0,0,0,1,1,0,0
9,6,3/30/13,6457,577,1,0,0,0,0
9,7,3/31/13,0,0,0,0,0,0,0
9,1,4/1/13,0,0,0,0,1,0,0
9,2,4/2/13,5762,542,1,0,1,0,0
9,3,4/3/13,5048,510,1,0,1,0,0
9,4,4/4/13,4219,404,1,0,1,0,0
9,5,4/5/13,4623,444,1,0,1,0,0
9,6,4/6/13,5046,481,1,0,0,0,0
9,7,4/7/13,0,0,0,0,0,0,0
9,1,4/8/13,7024,629,1,1,0,0,0
9,2,4/9/13,6101,532,1,1,0,0,0
9,3,4/10/13,4779,436,1,1,0,0,0
9,4,4/11/13,5770,498,1,1,0,0,0
9,5,4/12/13,6055,587,1,1,0,0,0
9,6,4/13/13,4873,490,1,0,0,0,0
9,7,4/14/13,0,0,0,0,0,0,0
9,1,4/15/13,4665,477,1,0,0,0,0
9,2,4/16/13,4535,477,1,0,0,0,0
9,3,4/17/13,4227,437,1,0,0,0,0
9,4,4/18/13,4799,471,1,0,0,0,0
9,5,4/19/13,5359,491,1,0,0,0,0
9,6,4/20/13,4529,441,1,0,0,0,0
9,7,4/21/13,0,0,0,0,0,0,0
9,1,4/22/13,6622,583,1,1,0,0,0
9,2,4/23/13,6088,553,1,1,0,0,0
9,3,4/24/13,5600,515,1,1,0,0,0
9,4,4/25/13,4698,456,1,1,0,0,0
9,5,4/26/13,5643,491,1,1,0,0,0
9,6,4/27/13,5248,498,1,0,0,0,0
9,7,4/28/13,0,0,0,0,0,0,0
9,1,4/29/13,7440,626,1,1,0,0,0
9,2,4/30/13,7441,661,1,1,0,0,0
9,3,5/1/13,0,0,0,1,0,0,0
9,4,5/2/13,7734,660,1,1,0,0,0
9,5,5/3/13,7080,614,1,1,0,0,0
9,6,5/4/13,5656,520,1,0,0,0,0
9,7,5/5/13,0,0,0,0,0,0,0
9,1,5/6/13,5292,525,1,0,0,0,0
9,2,5/7/13,4861,476,1,0,0,0,0
9,3,5/8/13,5972,560,1,0,0,0,0
9,4,5/9/13,0,0,0,0,0,0,0
9,5,5/10/13,5966,550,1,0,0,0,0
9,6,5/11/13,5021,490,1,0,0,0,0
9,7,5/12/13,0,0,0,0,0,0,0
9,1,5/13/13,6902,597,1,1,0,0,0
9,2,5/14/13,6414,559,1,1,0,0,0
9,3,5/15/13,5735,520,1,1,0,0,0
9,4,5/16/13,5497,496,1,1,0,0,0
9,5,5/17/13,5511,517,1,1,0,0,0
9,6,5/18/13,5175,457,1,0,0,0,0
9,7,5/19/13,0,0,0,0,0,0,0
9,1,5/20/13,0,0,0,0,0,0,0
9,2,5/21/13,6111,579,1,0,1,0,0
9,3,5/22/13,4727,451,1,0,0,0,0
9,4,5/23/13,3948,397,1,0,0,0,0
9,5,5/24/13,4678,468,1,0,0,0,0
9,6,5/25/13,5562,507,1,0,0,0,0
9,7,5/26/13,0,0,0,0,0,0,0
9,1,5/27/13,7262,650,1,1,0,0,0
9,2,5/28/13,6044,533,1,1,0,0,0
9,3,5/29/13,6863,572,1,1,0,0,0
9,4,5/30/13,0,0,0,1,0,0,0
9,5,5/31/13,8529,691,1,1,0,0,0
9,6,6/1/13,5321,498,1,0,0,0,0
9,7,6/2/13,0,0,0,0,0,0,0
9,1,6/3/13,7387,641,1,1,0,0,0
9,2,6/4/13,5728,500,1,1,0,0,0
9,3,6/5/13,5090,498,1,1,0,0,0
9,4,6/6/13,4997,527,1,1,0,0,0
9,5,6/7/13,6058,544,1,1,0,0,0
9,6,6/8/13,5366,515,1,0,0,0,0
9,7,6/9/13,0,0,0,0,0,0,0
9,1,6/10/13,5330,546,1,0,0,0,0
9,2,6/11/13,4559,484,1,0,0,0,0
9,3,6/12/13,4308,452,1,0,0,0,0
9,4,6/13/13,4880,446,1,0,0,0,0
9,5,6/14/13,4919,494,1,0,0,0,0
9,6,6/15/13,5094,455,1,0,0,0,0
9,7,6/16/13,0,0,0,0,0,0,0
9,1,6/17/13,7704,646,1,1,0,0,0
9,2,6/18/13,6040,555,1,1,0,0,0
9,3,6/19/13,5116,490,1,1,0,0,0
9,4,6/20/13,5400,504,1,1,0,0,0
9,5,6/21/13,5515,530,1,1,0,0,0
9,6,6/22/13,4731,453,1,0,0,0,0
9,7,6/23/13,0,0,0,0,0,0,0
9,1,6/24/13,5291,491,1,0,0,0,0
9,2,6/25/13,5078,496,1,0,0,0,0
9,3,6/26/13,4255,418,1,0,0,0,0
9,4,6/27/13,4983,451,1,0,0,0,0
9,5,6/28/13,5358,483,1,0,0,0,0
9,6,6/29/13,6041,516,1,0,0,0,0
9,7,6/30/13,0,0,0,0,0,0,0
9,1,7/1/13,7929,684,1,1,0,0,0
9,2,7/2/13,6950,592,1,1,0,0,0
9,3,7/3/13,6141,544,1,1,0,0,0
9,4,7/4/13,5678,501,1,1,0,0,0
9,5,7/5/13,6015,561,1,1,0,0,0
9,6,7/6/13,4996,462,1,0,0,0,0
9,7,7/7/13,0,0,0,0,0,0,0
9,1,7/8/13,5226,512,1,0,0,0,0
9,2,7/9/13,4720,481,1,0,0,0,0
9,3,7/10/13,4495,457,1,0,0,0,0
9,4,7/11/13,5185,509,1,0,0,0,0
9,5,7/12/13,5114,526,1,0,0,0,0
9,6,7/13/13,4944,456,1,0,0,0,0
9,7,7/14/13,0,0,0,0,0,0,0
9,1,7/15/13,9208,716,1,1,0,0,0
9,2,7/16/13,8576,657,1,1,0,0,0
9,3,7/17/13,7542,620,1,1,0,0,0
9,4,7/18/13,7334,593,1,1,0,0,0
9,5,7/19/13,7820,660,1,1,0,0,0
9,6,7/20/13,6220,492,1,0,0,0,0
9,7,7/21/13,0,0,0,0,0,0,0
9,1,7/22/13,5150,486,1,0,1,0,0
9,2,7/23/13,5113,507,1,0,1,0,0
9,3,7/24/13,4845,445,1,0,1,0,0
9,4,7/25/13,5010,475,1,0,1,0,0
9,5,7/26/13,5007,463,1,0,1,0,0
9,6,7/27/13,4153,422,1,0,0,0,0
9,7,7/28/13,0,0,0,0,0,0,0
9,1,7/29/13,8148,637,1,1,1,0,0
9,2,7/30/13,6403,515,1,1,1,0,0
9,3,7/31/13,6564,541,1,1,1,0,0
9,4,8/1/13,6323,539,1,1,1,0,0
9,5,8/2/13,5790,528,1,1,1,0,0
9,6,8/3/13,4893,447,1,0,0,0,0
9,7,8/4/13,0,0,0,0,0,0,0
9,1,8/5/13,5455,497,1,0,1,0,0
9,2,8/6/13,4922,492,1,0,1,0,0
9,3,8/7/13,4709,424,1,0,1,0,0
9,4,8/8/13,4664,441,1,0,1,0,0
9,5,8/9/13,5206,489,1,0,1,0,0
9,6,8/10/13,4838,445,1,0,0,0,0
9,7,8/11/13,0,0,0,0,0,0,0
9,1,8/12/13,9376,739,1,1,1,0,0
9,2,8/13/13,5957,524,1,1,1,0,0
9,3,8/14/13,5910,550,1,1,1,0,0
9,4,8/15/13,5633,538,1,1,1,0,0
9,5,8/16/13,5274,499,1,1,1,0,0
9,6,8/17/13,4416,438,1,0,0,0,0
9,7,8/18/13,0,0,0,0,0,0,0
9,1,8/19/13,4838,442,1,0,1,0,0
9,2,8/20/13,4939,482,1,0,1,0,0
9,3,8/21/13,4177,444,1,0,1,0,0
9,4,8/22/13,5039,494,1,0,1,0,0
9,5,8/23/13,4566,471,1,0,1,0,0
9,6,8/24/13,4092,403,1,0,0,0,0
9,7,8/25/13,0,0,0,0,0,0,0
9,1,8/26/13,8848,758,1,1,1,0,0
9,2,8/27/13,6421,565,1,1,1,0,0
9,3,8/28/13,5485,522,1,1,1,0,0
9,4,8/29/13,6679,551,1,1,1,0,0
9,5,8/30/13,6553,586,1,1,1,0,0
9,6,8/31/13,5644,464,1,0,0,0,0
9,7,9/1/13,0,0,0,0,0,0,0
9,1,9/2/13,6509,589,1,0,1,0,0
9,2,9/3/13,4986,524,1,0,1,0,0
9,3,9/4/13,5472,535,1,0,0,0,0
9,4,9/5/13,4588,466,1,0,0,0,0
9,5,9/6/13,5272,481,1,0,0,0,0
9,6,9/7/13,5352,500,1,0,0,0,0
9,7,9/8/13,0,0,0,0,0,0,0
9,1,9/9/13,9247,744,1,1,0,0,0
9,2,9/10/13,6218,516,1,1,0,0,0
9,3,9/11/13,6617,559,1,1,0,0,0
9,4,9/12/13,5867,535,1,1,0,0,0
9,5,9/13/13,6550,595,1,1,0,0,0
9,6,9/14/13,4735,467,1,0,0,0,0
9,7,9/15/13,0,0,0,0,0,0,0
9,1,9/16/13,5165,529,1,0,0,0,0
9,2,9/17/13,4830,469,1,0,0,0,0
9,3,9/18/13,4693,479,1,0,0,0,0
9,4,9/19/13,4677,478,1,0,0,0,0
9,5,9/20/13,4859,489,1,0,0,0,0
9,6,9/21/13,4782,450,1,0,0,0,0
9,7,9/22/13,0,0,0,0,0,0,0
9,1,9/23/13,7903,660,1,1,0,0,0
9,2,9/24/13,5854,563,1,1,0,0,0
9,3,9/25/13,5199,511,1,1,0,0,0
9,4,9/26/13,5216,474,1,1,0,0,0
9,5,9/27/13,5650,538,1,1,0,0,0
9,6,9/28/13,5174,453,1,0,0,0,0
9,7,9/29/13,0,0,0,0,0,0,0
9,1,9/30/13,6511,580,1,0,0,0,0
9,2,10/1/13,5891,542,1,0,0,0,0
9,3,10/2/13,6187,571,1,0,0,0,0
9,4,10/3/13,0,0,0,0,0,0,0
9,5,10/4/13,6924,616,1,0,0,0,0
9,6,10/5/13,5238,496,1,0,0,0,0
9,7,10/6/13,0,0,0,0,0,0,0
9,1,10/7/13,9089,758,1,1,0,0,0
9,2,10/8/13,7291,638,1,1,0,0,0
9,3,10/9/13,6123,544,1,1,0,0,0
9,4,10/10/13,5610,517,1,1,0,0,0
9,5,10/11/13,5723,504,1,1,0,0,0
9,6,10/12/13,5946,544,1,0,0,0,0
9,7,10/13/13,0,0,0,0,0,0,0
9,1,10/14/13,5433,566,1,0,0,0,0
9,2,10/15/13,4459,453,1,0,0,0,0
9,3,10/16/13,5548,483,1,0,0,0,0
9,4,10/17/13,4357,448,1,0,0,0,0
9,5,10/18/13,5020,475,1,0,0,0,0
9,6,10/19/13,4992,491,1,0,0,0,0
9,7,10/20/13,0,0,0,0,0,0,0
9,1,10/21/13,8308,702,1,1,1,0,0
9,2,10/22/13,5780,538,1,1,1,0,0
9,3,10/23/13,5363,503,1,1,1,0,0
9,4,10/24/13,5719,539,1,1,1,0,0
9,5,10/25/13,5281,489,1,1,1,0,0
9,6,10/26/13,5093,488,1,0,0,0,0
9,7,10/27/13,0,0,0,0,0,0,0
9,1,10/28/13,5441,501,1,0,1,0,0
9,2,10/29/13,4654,483,1,0,1,0,0
9,3,10/30/13,4801,512,1,0,1,0,0
9,4,10/31/13,6239,604,1,0,1,0,0
9,5,11/1/13,0,0,0,0,1,0,0
9,6,11/2/13,6643,572,1,0,0,0,0
9,7,11/3/13,0,0,0,0,0,0,0
9,1,11/4/13,8701,675,1,1,0,0,0
9,2,11/5/13,7619,603,1,1,0,0,0
9,3,11/6/13,6075,523,1,1,0,0,0
9,4,11/7/13,5415,497,1,1,0,0,0
9,5,11/8/13,6853,600,1,1,0,0,0
9,6,11/9/13,6122,566,1,0,0,0,0
9,7,11/10/13,0,0,0,0,0,0,0
9,1,11/11/13,5273,506,1,0,0,0,0
9,2,11/12/13,4361,450,1,0,0,0,0
9,3,11/13/13,4870,485,1,0,0,0,0
9,4,11/14/13,5065,478,1,0,0,0,0
9,5,11/15/13,5074,472,1,0,0,0,0
9,6,11/16/13,5304,480,1,0,0,0,0
9,7,11/17/13,0,0,0,0,0,0,0
9,1,11/18/13,8200,707,1,1,0,0,0
9,2,11/19/13,6914,570,1,1,0,0,0
9,3,11/20/13,6310,556,1,1,0,0,0
9,4,11/21/13,5834,525,1,1,0,0,0
9,5,11/22/13,5949,552,1,1,0,0,0
9,6,11/23/13,5507,526,1,0,0,0,0
9,7,11/24/13,0,0,0,0,0,0,0
9,1,11/25/13,5004,496,1,0,0,0,0
9,2,11/26/13,5053,506,1,0,0,0,0
9,3,11/27/13,4971,476,1,0,0,0,0
9,4,11/28/13,6264,542,1,0,0,0,0
9,5,11/29/13,5741,485,1,0,0,0,0
9,6,11/30/13,8052,637,1,0,0,0,0
9,7,12/1/13,0,0,0,0,0,0,0
9,1,12/2/13,8623,716,1,1,0,0,0
9,2,12/3/13,7711,649,1,1,0,0,0
9,3,12/4/13,6470,550,1,1,0,0,0
9,4,12/5/13,6715,559,1,1,0,0,0
9,5,12/6/13,6466,547,1,1,0,0,0
9,6,12/7/13,7046,596,1,0,0,0,0
9,7,12/8/13,0,0,0,0,0,0,0
9,1,12/9/13,6350,596,1,0,0,0,0
9,2,12/10/13,5725,544,1,0,0,0,0
9,3,12/11/13,5635,526,1,0,0,0,0
9,4,12/12/13,5296,514,1,0,0,0,0
9,5,12/13/13,5633,512,1,0,0,0,0
9,6,12/14/13,6208,558,1,0,0,0,0
9,7,12/15/13,0,0,0,0,0,0,0
9,1,12/16/13,11444,865,1,1,0,0,0
9,2,12/17/13,9620,746,1,1,0,0,0
9,3,12/18/13,8672,674,1,1,0,0,0
9,4,12/19/13,8222,673,1,1,0,0,0
9,5,12/20/13,9849,830,1,1,0,0,0
9,6,12/21/13,9456,763,1,0,0,0,0
9,7,12/22/13,0,0,0,0,0,0,0
9,1,12/23/13,11032,1019,1,0,1,0,0
9,2,12/24/13,3932,412,1,0,1,0,0
9,3,12/25/13,0,0,0,0,1,0,0
9,4,12/26/13,0,0,0,0,1,0,0
9,5,12/27/13,6141,538,1,0,1,0,0
9,6,12/28/13,5981,500,1,0,0,0,0
9,7,12/29/13,0,0,0,0,0,0,0
9,1,12/30/13,8034,660,1,0,1,0,0
9,2,12/31/13,4302,442,1,0,1,0,0
9,3,1/1/14,0,0,0,0,1,0,0
9,4,1/2/14,5585,529,1,0,1,0,0
9,5,1/3/14,6054,545,1,0,1,0,0
9,6,1/4/14,6695,552,1,0,0,0,0
9,7,1/5/14,0,0,0,0,0,0,0
9,1,1/6/14,9920,798,1,1,1,0,0
9,2,1/7/14,7671,684,1,1,1,0,0
9,3,1/8/14,6620,585,1,1,0,0,0
9,4,1/9/14,5415,498,1,1,0,0,0
9,5,1/10/14,6710,601,1,1,0,0,0
9,6,1/11/14,5903,510,1,0,0,0,0
9,7,1/12/14,0,0,0,0,0,0,0
9,1,1/13/14,6004,573,1,0,0,0,0
9,2,1/14/14,5218,505,1,0,0,0,0
9,3,1/15/14,4830,473,1,0,0,0,0
9,4,1/16/14,4868,496,1,0,0,0,0
9,5,1/17/14,5936,536,1,0,0,0,0
9,6,1/18/14,6118,542,1,0,0,0,0
9,7,1/19/14,0,0,0,0,0,0,0
9,1,1/20/14,10173,766,1,1,0,0,0
9,2,1/21/14,7391,603,1,1,0,0,0
9,3,1/22/14,6256,560,1,1,0,0,0
9,4,1/23/14,5800,520,1,1,0,0,0
9,5,1/24/14,6769,574,1,1,0,0,0
9,6,1/25/14,6031,554,1,0,0,0,0
9,7,1/26/14,0,0,0,0,0,0,0
9,1,1/27/14,5095,501,1,0,0,0,0
9,2,1/28/14,4651,487,1,0,0,0,0
9,3,1/29/14,4571,453,1,0,0,0,0
9,4,1/30/14,4651,469,1,0,0,0,0
9,5,1/31/14,6715,576,1,0,0,0,0
9,6,2/1/14,6584,529,1,0,0,0,0
9,7,2/2/14,0,0,0,0,0,0,0
9,1,2/3/14,10646,835,1,1,0,0,0
9,2,2/4/14,8236,676,1,1,0,0,0
9,3,2/5/14,7514,643,1,1,0,0,0
9,4,2/6/14,7008,596,1,1,0,0,0
9,5,2/7/14,6345,512,1,1,0,0,0
9,6,2/8/14,5729,544,1,0,0,0,0
9,7,2/9/14,0,0,0,0,0,0,0
9,1,2/10/14,5904,573,1,0,0,0,0
9,2,2/11/14,5051,519,1,0,0,0,0
9,3,2/12/14,5070,499,1,0,0,0,0
9,4,2/13/14,5345,501,1,0,0,0,0
9,5,2/14/14,5567,542,1,0,0,0,0
9,6,2/15/14,5972,525,1,0,0,0,0
9,7,2/16/14,0,0,0,0,0,0,0
9,1,2/17/14,10145,791,1,1,0,0,0
9,2,2/18/14,7663,651,1,1,0,0,0
9,3,2/19/14,6526,560,1,1,0,0,0
9,4,2/20/14,6259,568,1,1,0,0,0
9,5,2/21/14,6381,582,1,1,0,0,0
9,6,2/22/14,6734,571,1,0,0,0,0
9,7,2/23/14,0,0,0,0,0,0,0
9,1,2/24/14,5880,568,1,0,0,0,0
9,2,2/25/14,4904,511,1,0,0,0,0
9,3,2/26/14,5627,527,1,0,0,0,0
9,4,2/27/14,5727,555,1,0,0,0,0
9,5,2/28/14,6249,559,1,0,0,0,0
9,6,3/1/14,6913,614,1,0,0,0,0
9,7,3/2/14,0,0,0,0,0,0,0
9,1,3/3/14,9434,743,1,1,0,0,0
9,2,3/4/14,8175,722,1,1,0,0,0
9,3,3/5/14,7671,640,1,1,0,0,0
9,4,3/6/14,6828,620,1,1,0,0,0
9,5,3/7/14,6708,619,1,1,0,0,0
9,6,3/8/14,5405,511,1,0,0,0,0
9,7,3/9/14,0,0,0,0,0,0,0
9,1,3/10/14,6280,571,1,0,0,0,0
9,2,3/11/14,5506,537,1,0,0,0,0
9,3,3/12/14,4881,479,1,0,0,0,0
9,4,3/13/14,5441,539,1,0,0,0,0
9,5,3/14/14,5987,568,1,0,0,0,0
9,6,3/15/14,6799,557,1,0,0,0,0
9,7,3/16/14,0,0,0,0,0,0,0
9,1,3/17/14,9167,772,1,1,0,0,0
9,2,3/18/14,7380,630,1,1,0,0,0
9,3,3/19/14,6400,613,1,1,0,0,0
9,4,3/20/14,5894,541,1,1,0,0,0
9,5,3/21/14,6227,512,1,1,0,0,0
9,6,3/22/14,5776,534,1,0,0,0,0
9,7,3/23/14,0,0,0,0,0,0,0
9,1,3/24/14,5253,538,1,0,0,0,0
9,2,3/25/14,4840,481,1,0,0,0,0
9,3,3/26/14,4459,453,1,0,0,0,0
9,4,3/27/14,4744,484,1,0,0,0,0
9,5,3/28/14,5392,522,1,0,0,0,0
9,6,3/29/14,5302,483,1,0,0,0,0
9,7,3/30/14,0,0,0,0,0,0,0
9,1,3/31/14,9405,745,1,1,0,0,0
9,2,4/1/14,7152,607,1,1,0,0,0
9,3,4/2/14,6851,581,1,1,0,0,0
9,4,4/3/14,6139,577,1,1,0,0,0
9,5,4/4/14,7112,620,1,1,0,0,0
9,6,4/5/14,5996,513,1,0,0,0,0
9,7,4/6/14,0,0,0,0,0,0,0
9,1,4/7/14,6753,624,1,0,0,0,0
9,2,4/8/14,5137,508,1,0,0,0,0
9,3,4/9/14,5492,519,1,0,0,0,0
9,4,4/10/14,5367,543,1,0,0,0,0
9,5,4/11/14,5426,517,1,0,0,0,0
9,6,4/12/14,5998,539,1,0,0,0,0
9,7,4/13/14,0,0,0,0,0,0,0
9,1,4/14/14,9731,753,1,1,1,0,0
9,2,4/15/14,8318,669,1,1,1,0,0
9,3,4/16/14,7135,627,1,1,1,0,0
9,4,4/17/14,7819,775,1,1,1,0,0
9,5,4/18/14,0,0,0,1,1,0,0
9,6,4/19/14,6885,646,1,0,0,0,0
9,7,4/20/14,0,0,0,0,0,0,0
9,1,4/21/14,0,0,0,0,1,0,0
9,2,4/22/14,5451,549,1,0,1,0,0
9,3,4/23/14,4613,454,1,0,1,0,0
9,4,4/24/14,4646,453,1,0,1,0,0
9,5,4/25/14,4599,486,1,0,1,0,0
9,6,4/26/14,5970,545,1,0,0,0,0
9,7,4/27/14,0,0,0,0,0,0,0
9,1,4/28/14,8390,687,1,1,0,0,0
9,2,4/29/14,7872,646,1,1,0,0,0
9,3,4/30/14,7812,671,1,1,0,0,0
9,4,5/1/14,0,0,0,1,0,0,0
9,5,5/2/14,9004,774,1,1,0,0,0
9,6,5/3/14,5975,571,1,0,0,0,0
9,7,5/4/14,0,0,0,0,0,0,0
9,1,5/5/14,9326,782,1,1,0,0,0
9,2,5/6/14,7348,637,1,1,0,0,0
9,3,5/7/14,7271,579,1,1,0,0,0
9,4,5/8/14,6325,572,1,1,0,0,0
9,5,5/9/14,6718,598,1,1,0,0,0
9,6,5/10/14,5898,529,1,0,0,0,0
9,7,5/11/14,0,0,0,0,0,0,0
9,1,5/12/14,6028,561,1,0,0,0,0
9,2,5/13/14,5398,520,1,0,0,0,0
9,3,5/14/14,4589,448,1,0,0,0,0
9,4,5/15/14,5650,538,1,0,0,0,0
9,5,5/16/14,5806,530,1,0,0,0,0
9,6,5/17/14,5333,488,1,0,0,0,0
9,7,5/18/14,0,0,0,0,0,0,0
9,1,5/19/14,8557,712,1,1,0,0,0
9,2,5/20/14,6740,575,1,1,0,0,0
9,3,5/21/14,6174,544,1,1,0,0,0
9,4,5/22/14,5849,535,1,1,0,0,0
9,5,5/23/14,6776,577,1,1,0,0,0
9,6,5/24/14,6528,578,1,0,0,0,0
9,7,5/25/14,0,0,0,0,0,0,0
9,1,5/26/14,5037,495,1,0,0,0,0
9,2,5/27/14,6037,543,1,0,0,0,0
9,3,5/28/14,6645,561,1,0,0,0,0
9,4,5/29/14,0,0,0,0,0,0,0
9,5,5/30/14,7724,705,1,0,0,0,0
9,6,5/31/14,6444,570,1,0,0,0,0
9,7,6/1/14,0,0,0,0,0,0,0
9,1,6/2/14,10768,853,1,1,0,0,0
9,2,6/3/14,8225,678,1,1,0,0,0
9,3,6/4/14,7814,632,1,1,0,0,0
9,4,6/5/14,7192,579,1,1,0,0,0
9,5,6/6/14,7976,679,1,1,0,0,0
9,6,6/7/14,6677,633,1,0,0,0,0
9,7,6/8/14,0,0,0,0,0,0,0
9,1,6/9/14,0,0,0,0,0,0,0
9,2,6/10/14,6937,634,1,0,1,0,0
9,3,6/11/14,6042,554,1,0,0,0,0
9,4,6/12/14,5728,561,1,0,0,0,0
9,5,6/13/14,6052,566,1,0,0,0,0
9,6,6/14/14,6392,587,1,0,0,0,0
9,7,6/15/14,0,0,0,0,0,0,0
9,1,6/16/14,8999,685,1,1,0,0,0
9,2,6/17/14,8134,644,1,1,0,0,0
9,3,6/18/14,7765,659,1,1,0,0,0
9,4,6/19/14,0,0,0,1,0,0,0
9,5,6/20/14,9912,812,1,1,0,0,0
9,6,6/21/14,6441,547,1,0,0,0,0
9,7,6/22/14,0,0,0,0,0,0,0
9,1,6/23/14,6044,591,1,0,0,0,0
9,2,6/24/14,4965,494,1,0,0,0,0
9,3,6/25/14,4961,486,1,0,0,0,0
9,4,6/26/14,4515,464,1,0,0,0,0
9,5,6/27/14,5780,560,1,0,0,0,0
9,6,6/28/14,6162,556,1,0,0,0,0
9,7,6/29/14,0,0,0,0,0,0,0
9,1,6/30/14,12046,888,1,1,0,0,0
9,2,7/1/14,8829,737,1,1,0,0,0
9,3,7/2/14,7525,631,1,1,0,0,0
9,4,7/3/14,7373,625,1,1,0,0,0
9,5,7/4/14,6406,534,1,1,0,0,0
9,6,7/5/14,6366,568,1,0,0,0,0
9,7,7/6/14,0,0,0,0,0,0,0
9,1,7/7/14,6920,625,1,0,1,0,0
9,2,7/8/14,4364,386,1,0,1,0,0
9,3,7/9/14,5533,475,1,0,1,0,0
9,4,7/10/14,5924,539,1,0,1,0,0
9,5,7/11/14,5765,539,1,0,1,0,0
9,6,7/12/14,6388,582,1,0,0,0,0
9,7,7/13/14,0,0,0,0,0,0,0
9,1,7/14/14,8532,641,1,1,1,0,0
9,2,7/15/14,8652,697,1,1,1,0,0
9,3,7/16/14,6812,623,1,1,1,0,0
9,4,7/17/14,7173,619,1,1,1,0,0
9,5,7/18/14,6513,618,1,1,1,0,0
9,6,7/19/14,5494,520,1,0,0,0,0
9,7,7/20/14,0,0,0,0,0,0,0
9,1,7/21/14,5713,508,1,0,1,0,0
9,2,7/22/14,5982,534,1,0,1,0,0
9,3,7/23/14,5076,507,1,0,1,0,0
9,4,7/24/14,6086,526,1,0,1,0,0
9,5,7/25/14,5176,518,1,0,1,0,0
9,6,7/26/14,5131,488,1,0,0,0,0
9,7,7/27/14,0,0,0,0,0,0,0
9,1,7/28/14,7415,620,1,1,1,0,0
9,2,7/29/14,5200,466,1,1,1,0,0
9,3,7/30/14,7001,576,1,1,1,0,0
9,4,7/31/14,8176,645,1,1,1,0,0
9,5,8/1/14,8424,693,1,1,1,0,0
9,6,8/2/14,6233,558,1,0,0,0,0
9,7,8/3/14,0,0,0,0,0,0,0
9,1,8/4/14,10061,777,1,1,1,0,0
9,2,8/5/14,7438,628,1,1,1,0,0
9,3,8/6/14,6746,585,1,1,1,0,0
9,4,8/7/14,6750,604,1,1,1,0,0
9,5,8/8/14,6368,574,1,1,1,0,0
9,6,8/9/14,6109,528,1,0,0,0,0
9,7,8/10/14,0,0,0,0,0,0,0
9,1,8/11/14,6381,621,1,0,1,0,0
9,2,8/12/14,4911,462,1,0,1,0,0
9,3,8/13/14,5513,556,1,0,1,0,0
9,4,8/14/14,5435,492,1,0,1,0,0
9,5,8/15/14,5746,547,1,0,1,0,0
9,6,8/16/14,6597,571,1,0,0,0,0
9,7,8/17/14,0,0,0,0,0,0,0
9,1,8/18/14,9631,783,1,1,1,0,0
9,2,8/19/14,8539,728,1,1,1,0,0
9,3,8/20/14,7929,682,1,1,0,0,0
9,4,8/21/14,6664,583,1,1,0,0,0
9,5,8/22/14,6972,613,1,1,0,0,0
9,6,8/23/14,5727,503,1,0,0,0,0
9,7,8/24/14,0,0,0,0,0,0,0
9,1,8/25/14,5977,592,1,0,0,0,0
9,2,8/26/14,5430,539,1,0,0,0,0
9,3,8/27/14,4445,448,1,0,0,0,0
9,4,8/28/14,5369,549,1,0,0,0,0
9,5,8/29/14,6559,577,1,0,0,0,0
9,6,8/30/14,6326,576,1,0,0,0,0
9,7,8/31/14,0,0,0,0,0,0,0
9,1,9/1/14,10494,817,1,1,0,0,0
9,2,9/2/14,8395,688,1,1,0,0,0
9,3,9/3/14,7865,658,1,1,0,0,0
9,4,9/4/14,6734,601,1,1,0,0,0
9,5,9/5/14,7752,651,1,1,0,0,0
9,6,9/6/14,5762,549,1,0,0,0,0
9,7,9/7/14,0,0,0,0,0,0,0
9,1,9/8/14,6068,577,1,0,0,0,0
9,2,9/9/14,5228,537,1,0,0,0,0
9,3,9/10/14,5084,496,1,0,0,0,0
9,4,9/11/14,5152,502,1,0,0,0,0
9,5,9/12/14,5642,543,1,0,0,0,0
9,6,9/13/14,6620,552,1,0,0,0,0
9,7,9/14/14,0,0,0,0,0,0,0
9,1,9/15/14,9517,800,1,1,0,0,0
9,2,9/16/14,7089,646,1,1,0,0,0
9,3,9/17/14,6152,555,1,1,0,0,0
9,4,9/18/14,5796,576,1,1,0,0,0
9,5,9/19/14,7345,643,1,1,0,0,0
9,6,9/20/14,5770,539,1,0,0,0,0
9,7,9/21/14,0,0,0,0,0,0,0
9,1,9/22/14,5599,550,1,0,0,0,0
9,2,9/23/14,4841,524,1,0,0,0,0
9,3,9/24/14,5136,500,1,0,0,0,0
9,4,9/25/14,4950,496,1,0,0,0,0
9,5,9/26/14,5993,574,1,0,0,0,0
9,6,9/27/14,6313,540,1,0,0,0,0
9,7,9/28/14,0,0,0,0,0,0,0
9,1,9/29/14,8992,700,1,1,0,0,0
9,2,9/30/14,8663,730,1,1,0,0,0
9,3,10/1/14,8402,688,1,1,0,0,0
9,4,10/2/14,8272,705,1,1,0,0,0
9,5,10/3/14,0,0,0,1,0,0,0
9,6,10/4/14,7277,621,1,0,0,0,0
9,7,10/5/14,0,0,0,0,0,0,0
9,1,10/6/14,9752,792,1,1,1,0,0
9,2,10/7/14,7855,627,1,1,1,0,0
9,3,10/8/14,7221,596,1,1,1,0,0
9,4,10/9/14,6628,626,1,1,1,0,0
9,5,10/10/14,7570,665,1,1,1,0,0
9,6,10/11/14,5948,537,1,0,0,0,0
9,7,10/12/14,0,0,0,0,0,0,0
9,1,10/13/14,5550,564,1,0,1,0,0
9,2,10/14/14,4956,524,1,0,1,0,0
9,3,10/15/14,5378,528,1,0,1,0,0
9,4,10/16/14,4944,455,1,0,1,0,0
9,5,10/17/14,6110,586,1,0,1,0,0
9,6,10/18/14,5533,527,1,0,0,0,0
9,7,10/19/14,0,0,0,0,0,0,0
9,1,10/20/14,9754,795,1,1,0,0,0
9,2,10/21/14,6977,588,1,1,0,0,0
9,3,10/22/14,7098,619,1,1,0,0,0
9,4,10/23/14,6343,591,1,1,0,0,0
9,5,10/24/14,6881,609,1,1,0,0,0
9,6,10/25/14,5969,541,1,0,0,0,0
9,7,10/26/14,0,0,0,0,0,0,0
9,1,10/27/14,5824,606,1,0,0,0,0
9,2,10/28/14,5272,533,1,0,0,0,0
9,3,10/29/14,5615,513,1,0,0,0,0
9,4,10/30/14,6034,597,1,0,0,0,0
9,5,10/31/14,8383,763,1,0,0,0,0
9,6,11/1/14,0,0,0,0,0,0,0
9,7,11/2/14,0,0,0,0,0,0,0
9,1,11/3/14,11562,894,1,1,0,0,0
9,2,11/4/14,8544,695,1,1,0,0,0
9,3,11/5/14,8249,700,1,1,0,0,0
9,4,11/6/14,7437,667,1,1,0,0,0
9,5,11/7/14,7416,652,1,1,0,0,0
9,6,11/8/14,7459,633,1,0,0,0,0
9,7,11/9/14,0,0,0,0,0,0,0
9,1,11/10/14,9128,736,1,1,0,0,0
9,2,11/11/14,7003,603,1,1,0,0,0
9,3,11/12/14,6758,587,1,1,0,0,0
9,4,11/13/14,7101,625,1,1,0,0,0
9,5,11/14/14,8325,660,1,1,0,0,0
9,6,11/15/14,6430,570,1,0,0,0,0
9,7,11/16/14,0,0,0,0,0,0,0
9,1,11/17/14,6184,616,1,0,0,0,0
9,2,11/18/14,6167,579,1,0,0,0,0
9,3,11/19/14,6112,584,1,0,0,0,0
9,4,11/20/14,5561,520,1,0,0,0,0
9,5,11/21/14,6359,596,1,0,0,0,0
9,6,11/22/14,6619,606,1,0,0,0,0
9,7,11/23/14,0,0,0,0,0,0,0
9,1,11/24/14,9911,800,1,1,0,0,0
9,2,11/25/14,7689,678,1,1,0,0,0
9,3,11/26/14,7164,587,1,1,0,0,0
9,4,11/27/14,7656,666,1,1,0,0,0
9,5,11/28/14,9248,740,1,1,0,0,0
9,6,11/29/14,9096,716,1,0,0,0,0
9,7,11/30/14,0,0,0,0,0,0,0
9,1,12/1/14,10854,800,1,1,0,0,0
9,2,12/2/14,8378,684,1,1,0,0,0
9,3,12/3/14,7785,633,1,1,0,0,0
9,4,12/4/14,7665,637,1,1,0,0,0
9,5,12/5/14,8834,723,1,1,0,0,0
9,6,12/6/14,7545,641,1,0,0,0,0
9,7,12/7/14,0,0,0,0,0,0,0
9,1,12/8/14,7026,636,1,0,0,0,0
9,2,12/9/14,5380,533,1,0,0,0,0
9,3,12/10/14,6259,521,1,0,0,0,0
9,4,12/11/14,6451,552,1,0,0,0,0
9,5,12/12/14,6177,485,1,0,0,0,0
9,6,12/13/14,7674,681,1,0,0,0,0
9,7,12/14/14,0,0,0,0,0,0,0
9,1,12/15/14,12767,834,1,1,0,0,0
9,2,12/16/14,10291,776,1,1,0,0,0
9,3,12/17/14,9415,718,1,1,0,0,0
9,4,12/18/14,9787,753,1,1,0,0,0
9,5,12/19/14,8996,736,1,1,0,0,0
9,6,12/20/14,9540,793,1,0,0,0,0
9,7,12/21/14,0,0,0,0,0,0,0
9,1,12/22/14,11569,961,1,0,1,0,0
9,2,12/23/14,10636,988,1,0,1,0,0
9,3,12/24/14,4885,499,1,0,1,0,0
9,4,12/25/14,0,0,0,0,1,0,0
9,5,12/26/14,0,0,0,0,1,0,0
9,6,12/27/14,6096,537,1,0,0,0,0
9,7,12/28/14,0,0,0,0,0,0,0
9,1,12/29/14,7684,667,1,0,1,0,0
9,2,12/30/14,7903,668,1,0,1,0,0
9,3,12/31/14,5063,462,1,0,1,0,0
9,4,1/1/15,0,0,0,0,1,0,0
9,5,1/2/15,7073,633,1,0,1,0,0
9,6,1/3/15,6043,530,1,0,0,0,0
9,7,1/4/15,0,0,0,0,0,0,0
9,1,1/5/15,10602,845,1,1,1,0,0
9,2,1/6/15,8505,709,1,1,1,0,0
9,3,1/7/15,7149,603,1,1,0,0,0
9,4,1/8/15,6548,520,1,1,0,0,0
9,5,1/9/15,6744,597,1,1,0,0,0
9,6,1/10/15,5544,532,1,0,0,0,0
9,7,1/11/15,0,0,0,0,0,0,0
9,1,1/12/15,9529,759,1,1,0,0,0
9,2,1/13/15,6985,572,1,1,0,0,0
9,3,1/14/15,6748,582,1,1,0,0,0
9,4,1/15/15,7003,564,1,1,0,0,0
9,5,1/16/15,7773,672,1,1,0,0,0
9,6,1/17/15,7334,613,1,0,0,0,0
9,7,1/18/15,0,0,0,0,0,0,0
9,1,1/19/15,6086,604,1,0,0,0,0
9,2,1/20/15,5778,564,1,0,0,0,0
9,3,1/21/15,5651,545,1,0,0,0,0
9,4,1/22/15,5905,526,1,0,0,0,0
9,5,1/23/15,6601,605,1,0,0,0,0
9,6,1/24/15,5410,500,1,0,0,0,0
9,7,1/25/15,0,0,0,0,0,0,0
9,1,1/26/15,9209,705,1,1,0,0,0
9,2,1/27/15,7619,666,1,1,0,0,0
9,3,1/28/15,7038,574,1,1,0,0,0
9,4,1/29/15,7253,603,1,1,0,0,0
9,5,1/30/15,8072,643,1,1,0,0,0
9,6,1/31/15,7563,633,1,0,0,0,0
9,7,2/1/15,0,0,0,0,0,0,0
9,1,2/2/15,10858,816,1,1,0,0,0
9,2,2/3/15,8929,715,1,1,0,0,0
9,3,2/4/15,6956,636,1,1,0,0,0
9,4,2/5/15,6611,589,1,1,0,0,0
9,5,2/6/15,7955,686,1,1,0,0,0
9,6,2/7/15,7299,627,1,0,0,0,0
9,7,2/8/15,0,0,0,0,0,0,0
9,1,2/9/15,6314,625,1,0,0,0,0
9,2,2/10/15,6075,559,1,0,0,0,0
9,3,2/11/15,5880,608,1,0,0,0,0
9,4,2/12/15,5883,558,1,0,0,0,0
9,5,2/13/15,6309,574,1,0,0,0,0
9,6,2/14/15,7377,666,1,0,0,0,0
9,7,2/15/15,0,0,0,0,0,0,0
9,1,2/16/15,9403,756,1,1,0,0,0
9,2,2/17/15,9308,707,1,1,0,0,0
9,3,2/18/15,7417,668,1,1,0,0,0
9,4,2/19/15,7615,664,1,1,0,0,0
9,5,2/20/15,7490,634,1,1,0,0,0
9,6,2/21/15,7470,614,1,0,0,0,0
9,7,2/22/15,0,0,0,0,0,0,0
9,1,2/23/15,6713,623,1,0,0,0,0
9,2,2/24/15,5991,565,1,0,0,0,0
9,3,2/25/15,5991,584,1,0,0,0,0
9,4,2/26/15,6278,560,1,0,0,0,0
9,5,2/27/15,7042,651,1,0,0,0,0
9,6,2/28/15,7321,629,1,0,0,0,0
9,7,3/1/15,0,0,0,0,0,0,0
9,1,3/2/15,10551,828,1,1,0,0,0
9,2,3/3/15,8222,669,1,1,0,0,0
9,3,3/4/15,8367,716,1,1,0,0,0
9,4,3/5/15,8004,678,1,1,0,0,0
9,5,3/6/15,8287,711,1,1,0,0,0
9,6,3/7/15,6224,582,1,0,0,0,0
9,7,3/8/15,0,0,0,0,0,0,0
9,1,3/9/15,7172,651,1,0,0,0,0
9,2,3/10/15,5538,544,1,0,0,0,0
9,3,3/11/15,5868,573,1,0,0,0,0
9,4,3/12/15,5456,530,1,0,0,0,0
9,5,3/13/15,6214,556,1,0,0,0,0
9,6,3/14/15,6976,583,1,0,0,0,0
9,7,3/15/15,0,0,0,0,0,0,0
9,1,3/16/15,11397,883,1,1,0,0,0
9,2,3/17/15,8692,704,1,1,0,0,0
9,3,3/18/15,7457,668,1,1,0,0,0
9,4,3/19/15,8188,689,1,1,0,0,0
9,5,3/20/15,8419,700,1,1,0,0,0
9,6,3/21/15,6622,590,1,0,0,0,0
9,7,3/22/15,0,0,0,0,0,0,0
9,1,3/23/15,6882,659,1,0,0,0,0
9,2,3/24/15,6497,573,1,0,0,0,0
9,3,3/25/15,5594,556,1,0,0,0,0
9,4,3/26/15,6414,582,1,0,0,0,0
9,5,3/27/15,6346,577,1,0,0,0,0
9,6,3/28/15,6970,596,1,0,0,0,0
9,7,3/29/15,0,0,0,0,0,0,0
9,1,3/30/15,11578,795,1,1,1,0,0
9,2,3/31/15,8927,697,1,1,1,0,0
9,3,4/1/15,9440,732,1,1,1,0,0
9,4,4/2/15,10330,833,1,1,1,0,0
9,5,4/3/15,0,0,0,1,1,0,0
9,6,4/4/15,8664,776,1,0,0,0,0
9,7,4/5/15,0,0,0,0,0,0,0
9,1,4/6/15,0,0,0,0,1,0,0
9,2,4/7/15,6987,695,1,0,1,0,0
9,3,4/8/15,5985,559,1,0,1,0,0
9,4,4/9/15,6462,604,1,0,1,0,0
9,5,4/10/15,6089,544,1,0,1,0,0
9,6,4/11/15,6837,576,1,0,0,0,0
9,7,4/12/15,0,0,0,0,0,0,0
9,1,4/13/15,11968,912,1,1,0,0,0
9,2,4/14/15,8416,708,1,1,0,0,0
9,3,4/15/15,7444,672,1,1,0,0,0
9,4,4/16/15,7644,648,1,1,0,0,0
9,5,4/17/15,8346,687,1,1,0,0,0
9,6,4/18/15,6685,622,1,0,0,0,0
9,7,4/19/15,0,0,0,0,0,0,0
9,1,4/20/15,6429,607,1,0,0,0,0
9,2,4/21/15,6018,584,1,0,0,0,0
9,3,4/22/15,6034,576,1,0,0,0,0
9,4,4/23/15,6280,564,1,0,0,0,0
9,5,4/24/15,5811,551,1,0,0,0,0
9,6,4/25/15,6342,543,1,0,0,0,0
9,7,4/26/15,0,0,0,0,0,0,0
9,1,4/27/15,11737,843,1,1,0,0,0
9,2,4/28/15,7906,687,1,1,0,0,0
9,3,4/29/15,7761,662,1,1,0,0,0
9,4,4/30/15,9717,789,1,1,0,0,0
9,5,5/1/15,0,0,0,1,0,0,0
9,6,5/2/15,8120,732,1,0,0,0,0
9,7,5/3/15,0,0,0,0,0,0,0
9,1,5/4/15,11827,889,1,1,0,0,0
9,2,5/5/15,8149,643,1,1,0,0,0
9,3,5/6/15,7978,654,1,1,0,0,0
9,4,5/7/15,7512,652,1,1,0,0,0
9,5,5/8/15,8538,716,1,1,0,0,0
9,6,5/9/15,7347,651,1,0,0,0,0
9,7,5/10/15,0,0,0,0,0,0,0
9,1,5/11/15,6356,616,1,0,0,0,0
9,2,5/12/15,6634,581,1,0,0,0,0
9,3,5/13/15,7361,679,1,0,0,0,0
9,4,5/14/15,0,0,0,0,0,0,0
9,5,5/15/15,8020,740,1,0,0,0,0
9,6,5/16/15,6937,581,1,0,0,0,0
9,7,5/17/15,0,0,0,0,0,0,0
9,1,5/18/15,11031,878,1,1,0,0,0
9,2,5/19/15,8863,718,1,1,0,0,0
9,3,5/20/15,8374,682,1,1,0,0,0
9,4,5/21/15,7503,649,1,1,0,0,0
9,5,5/22/15,7668,686,1,1,0,0,0
9,6,5/23/15,6449,569,1,0,0,0,0
9,7,5/24/15,0,0,0,0,0,0,0
9,1,5/25/15,0,0,0,0,0,0,0
9,2,5/26/15,8048,707,1,0,1,0,0
9,3,5/27/15,5997,582,1,0,0,0,0
9,4,5/28/15,6335,573,1,0,0,0,0
9,5,5/29/15,7193,627,1,0,0,0,0
9,6,5/30/15,7474,615,1,0,0,0,0
9,7,5/31/15,0,0,0,0,0,0,0
9,1,6/1/15,12227,884,1,1,0,0,0
9,2,6/2/15,10248,763,1,1,0,0,0
9,3,6/3/15,9984,775,1,1,0,0,0
9,4,6/4/15,0,0,0,1,0,0,0
9,5,6/5/15,9786,830,1,1,0,0,0
9,6,6/6/15,7157,609,1,0,0,0,0
9,7,6/7/15,0,0,0,0,0,0,0
9,1,6/8/15,7884,664,1,0,0,0,0
9,2,6/9/15,7033,629,1,0,0,0,0
9,3,6/10/15,5849,525,1,0,0,0,0
9,4,6/11/15,6359,577,1,0,0,0,0
9,5,6/12/15,6429,577,1,0,0,0,0
9,6,6/13/15,6165,539,1,0,0,0,0
9,7,6/14/15,0,0,0,0,0,0,0
9,1,6/15/15,11530,856,1,1,0,0,0
9,2,6/16/15,9078,727,1,1,0,0,0
9,3,6/17/15,8045,632,1,1,0,0,0
9,4,6/18/15,8098,626,1,1,0,0,0
9,5,6/19/15,7849,649,1,1,0,0,0
9,6,6/20/15,6179,536,1,0,0,0,0
9,7,6/21/15,0,0,0,0,0,0,0
9,1,6/22/15,6121,580,1,0,0,0,0
9,2,6/23/15,5714,550,1,0,0,0,0
9,3,6/24/15,6888,620,1,0,0,0,0
9,4,6/25/15,6674,620,1,0,0,0,0
9,5,6/26/15,6549,600,1,0,0,0,0
9,6,6/27/15,7069,605,1,0,0,0,0
9,7,6/28/15,0,0,0,0,0,0,0
9,1,6/29/15,13457,882,1,1,1,0,0
9,2,6/30/15,10447,796,1,1,1,0,0
9,3,7/1/15,8490,675,1,1,1,0,0
9,4,7/2/15,8395,668,1,1,1,0,0
9,5,7/3/15,8363,669,1,1,1,0,0
9,6,7/4/15,6223,538,1,0,0,0,0
9,7,7/5/15,0,0,0,0,0,0,0
9,1,7/6/15,7758,656,1,0,1,0,0
9,2,7/7/15,6940,588,1,0,1,0,0
9,3,7/8/15,5621,508,1,0,1,0,0
9,4,7/9/15,6285,550,1,0,1,0,0
9,5,7/10/15,6007,528,1,0,1,0,0
9,6,7/11/15,5076,495,1,0,0,0,0
9,7,7/12/15,0,0,0,0,0,0,0
9,1,7/13/15,10399,759,1,1,1,0,0
9,2,7/14/15,7841,667,1,1,1,0,0
9,3,7/15/15,7013,633,1,1,1,0,0
9,4,7/16/15,8113,640,1,1,1,0,0
9,5,7/17/15,6845,598,1,1,1,0,0
9,6,7/18/15,5987,555,1,0,0,0,0
9,7,7/19/15,0,0,0,0,0,0,0
9,1,7/20/15,7152,622,1,0,1,0,0
9,2,7/21/15,5873,510,1,0,1,0,0
9,3,7/22/15,5649,539,1,0,1,0,0
9,4,7/23/15,6471,579,1,0,1,0,0
9,5,7/24/15,5464,546,1,0,1,0,0
9,6,7/25/15,5330,468,1,0,0,0,0
9,7,7/26/15,0,0,0,0,0,0,0
9,1,7/27/15,10649,777,1,1,1,0,0
9,2,7/28/15,8751,678,1,1,1,0,0
9,3,7/29/15,7776,625,1,1,1,0,0
9,4,7/30/15,7539,651,1,1,1,0,0
9,5,7/31/15,8565,687,1,1,1,0,0
10,2,1/1/13,0,0,0,0,1,0,0
10,3,1/2/13,4812,521,1,0,1,0,0
10,4,1/3/13,4675,491,1,0,1,0,0
10,5,1/4/13,5114,517,1,0,1,0,0
10,6,1/5/13,4256,489,1,0,0,0,0
10,7,1/6/13,0,0,0,0,0,0,0
10,1,1/7/13,7804,751,1,1,0,0,0
10,2,1/8/13,5394,599,1,1,0,0,0
10,3,1/9/13,5696,574,1,1,0,0,0
10,4,1/10/13,5419,566,1,1,0,0,0
10,5,1/11/13,5556,616,1,1,0,0,0
10,6,1/12/13,4402,501,1,0,0,0,0
10,7,1/13/13,0,0,0,0,0,0,0
10,1,1/14/13,4685,569,1,0,0,0,0
10,2,1/15/13,4470,533,1,0,0,0,0
10,3,1/16/13,4640,550,1,0,0,0,0
10,4,1/17/13,4460,497,1,0,0,0,0
10,5,1/18/13,4962,577,1,0,0,0,0
10,6,1/19/13,4441,492,1,0,0,0,0
10,7,1/20/13,0,0,0,0,0,0,0
10,1,1/21/13,6178,619,1,1,0,0,0
10,2,1/22/13,5215,566,1,1,0,0,0
10,3,1/23/13,5218,617,1,1,0,0,0
10,4,1/24/13,4736,581,1,1,0,0,0
10,5,1/25/13,5404,606,1,1,0,0,0
10,6,1/26/13,4789,482,1,0,0,0,0
10,7,1/27/13,0,0,0,0,0,0,0
10,1,1/28/13,4489,579,1,0,0,0,0
10,2,1/29/13,4374,528,1,0,0,0,0
10,3,1/30/13,3986,491,1,0,0,0,0
10,4,1/31/13,4867,507,1,0,1,0,0
10,5,2/1/13,4470,545,1,0,1,0,0
10,6,2/2/13,4357,477,1,0,0,0,0
10,7,2/3/13,0,0,0,0,0,0,0
10,1,2/4/13,7617,737,1,1,0,0,0
10,2,2/5/13,5423,607,1,1,0,0,0
10,3,2/6/13,5539,639,1,1,0,0,0
10,4,2/7/13,5838,614,1,1,0,0,0
10,5,2/8/13,5655,623,1,1,0,0,0
10,6,2/9/13,4477,490,1,0,0,0,0
10,7,2/10/13,0,0,0,0,0,0,0
10,1,2/11/13,4433,600,1,0,0,0,0
10,2,2/12/13,4506,548,1,0,0,0,0
10,3,2/13/13,4953,588,1,0,0,0,0
10,4,2/14/13,4111,487,1,0,0,0,0
10,5,2/15/13,4385,528,1,0,0,0,0
10,6,2/16/13,4340,511,1,0,0,0,0
10,7,2/17/13,0,0,0,0,0,0,0
10,1,2/18/13,7495,748,1,1,0,0,0
10,2,2/19/13,6049,657,1,1,0,0,0
10,3,2/20/13,5200,598,1,1,0,0,0
10,4,2/21/13,5969,624,1,1,0,0,0
10,5,2/22/13,5285,607,1,1,0,0,0
10,6,2/23/13,4534,494,1,0,0,0,0
10,7,2/24/13,0,0,0,0,0,0,0
10,1,2/25/13,4822,571,1,0,0,0,0
10,2,2/26/13,4403,540,1,0,0,0,0
10,3,2/27/13,4414,517,1,0,0,0,0
10,4,2/28/13,4681,560,1,0,0,0,0
10,5,3/1/13,4775,579,1,0,0,0,0
10,6,3/2/13,4620,546,1,0,0,0,0
10,7,3/3/13,0,0,0,0,0,0,0
10,1,3/4/13,7280,737,1,1,0,0,0
10,2,3/5/13,7003,676,1,1,0,0,0
10,3,3/6/13,5115,583,1,1,0,0,0
10,4,3/7/13,5460,581,1,1,0,0,0
10,5,3/8/13,5350,595,1,1,0,0,0
10,6,3/9/13,4213,472,1,0,0,0,0
10,7,3/10/13,0,0,0,0,0,0,0
10,1,3/11/13,5401,616,1,0,0,0,0
10,2,3/12/13,4807,555,1,0,0,0,0
10,3,3/13/13,4609,564,1,0,0,0,0
10,4,3/14/13,4914,583,1,0,0,0,0
10,5,3/15/13,5135,613,1,0,0,0,0
10,6,3/16/13,3885,491,1,0,0,0,0
10,7,3/17/13,0,0,0,0,0,0,0
10,1,3/18/13,6766,693,1,1,1,0,0
10,2,3/19/13,5584,587,1,1,1,0,0
10,3,3/20/13,3927,403,1,1,1,0,0
10,4,3/21/13,4623,551,1,1,1,0,0
10,5,3/22/13,5158,580,1,1,1,0,0
10,6,3/23/13,4285,453,1,0,1,0,0
10,7,3/24/13,0,0,0,0,1,0,0
10,1,3/25/13,6513,684,1,1,1,0,0
10,2,3/26/13,5495,601,1,1,1,0,0
10,3,3/27/13,5639,618,1,1,1,0,0
10,4,3/28/13,7243,796,1,1,1,0,0
10,5,3/29/13,0,0,0,1,1,0,0
10,6,3/30/13,5809,641,1,0,0,0,0
10,7,3/31/13,0,0,0,0,0,0,0
10,1,4/1/13,0,0,0,0,1,0,0
10,2,4/2/13,5747,651,1,0,1,0,0
10,3,4/3/13,4662,562,1,0,0,0,0
10,4,4/4/13,4531,544,1,0,0,0,0
10,5,4/5/13,4529,544,1,0,0,0,0
10,6,4/6/13,4607,562,1,0,0,0,0
10,7,4/7/13,0,0,0,0,0,0,0
10,1,4/8/13,7087,725,1,1,0,0,0
10,2,4/9/13,5782,641,1,1,0,0,0
10,3,4/10/13,5541,613,1,1,0,0,0
10,4,4/11/13,4689,546,1,1,0,0,0
10,5,4/12/13,6096,636,1,1,0,0,0
10,6,4/13/13,4321,529,1,0,0,0,0
10,7,4/14/13,0,0,0,0,0,0,0
10,1,4/15/13,4558,555,1,0,0,0,0
10,2,4/16/13,4592,576,1,0,0,0,0
10,3,4/17/13,4426,554,1,0,0,0,0
10,4,4/18/13,4184,539,1,0,0,0,0
10,5,4/19/13,4743,569,1,0,0,0,0
10,6,4/20/13,4092,528,1,0,0,0,0
10,7,4/21/13,0,0,0,0,0,0,0
10,1,4/22/13,7365,742,1,1,0,0,0
10,2,4/23/13,5343,588,1,1,0,0,0
10,3,4/24/13,5184,605,1,1,0,0,0
10,4,4/25/13,5291,580,1,1,0,0,0
10,5,4/26/13,4844,533,1,1,0,0,0
10,6,4/27/13,4074,465,1,0,0,0,0
10,7,4/28/13,0,0,0,0,0,0,0
10,1,4/29/13,7284,721,1,1,0,0,0
10,2,4/30/13,7468,769,1,1,0,0,0
10,3,5/1/13,0,0,0,1,0,0,0
10,4,5/2/13,6959,740,1,1,0,0,0
10,5,5/3/13,6119,681,1,1,0,0,0
10,6,5/4/13,5392,583,1,0,0,0,0
10,7,5/5/13,0,0,0,0,0,0,0
10,1,5/6/13,5579,656,1,0,0,0,0
10,2,5/7/13,5250,602,1,0,0,0,0
10,3,5/8/13,5469,666,1,0,0,0,0
10,4,5/9/13,0,0,0,0,0,0,0
10,5,5/10/13,5945,643,1,0,1,0,0
10,6,5/11/13,4506,496,1,0,0,0,0
10,7,5/12/13,0,0,0,0,0,0,0
10,1,5/13/13,6948,710,1,1,0,0,0
10,2,5/14/13,6194,610,1,1,0,0,0
10,3,5/15/13,5275,571,1,1,0,0,0
10,4,5/16/13,5810,610,1,1,0,0,0
10,5,5/17/13,6042,649,1,1,0,0,0
10,6,5/18/13,4216,469,1,0,0,0,0
10,7,5/19/13,0,0,0,0,0,0,0
10,1,5/20/13,0,0,0,0,0,0,0
10,2,5/21/13,4846,559,1,0,1,0,0
10,3,5/22/13,5030,608,1,0,0,0,0
10,4,5/23/13,3686,449,1,0,0,0,0
10,5,5/24/13,5093,615,1,0,0,0,0
10,6,5/25/13,4677,522,1,0,0,0,0
10,7,5/26/13,0,0,0,0,0,0,0
10,1,5/27/13,5889,624,1,1,0,0,0
10,2,5/28/13,5303,602,1,1,0,0,0
10,3,5/29/13,5275,601,1,1,0,0,0
10,4,5/30/13,5037,560,1,1,0,0,0
10,5,5/31/13,6102,621,1,1,0,0,0
10,6,6/1/13,4623,489,1,0,0,0,0
10,7,6/2/13,0,0,0,0,0,0,0
10,1,6/3/13,6538,705,1,1,0,0,0
10,2,6/4/13,5906,610,1,1,0,0,0
10,3,6/5/13,5440,596,1,1,0,0,0
10,4,6/6/13,5958,649,1,1,0,0,0
10,5,6/7/13,6488,651,1,1,0,0,0
10,6,6/8/13,4943,532,1,0,0,0,0
10,7,6/9/13,0,0,0,0,0,0,0
10,1,6/10/13,5472,635,1,0,0,0,0
10,2,6/11/13,4739,588,1,0,0,0,0
10,3,6/12/13,4369,533,1,0,0,0,0
10,4,6/13/13,4652,522,1,0,0,0,0
10,5,6/14/13,5055,592,1,0,0,0,0
10,6,6/15/13,4765,487,1,0,0,0,0
10,7,6/16/13,0,0,0,0,0,0,0
10,1,6/17/13,7854,748,1,1,0,0,0
10,2,6/18/13,7078,672,1,1,0,0,0
10,3,6/19/13,5697,602,1,1,0,0,0
10,4,6/20/13,5286,587,1,1,0,0,0
10,5,6/21/13,5687,645,1,1,0,0,0
10,6,6/22/13,4795,526,1,0,0,0,0
10,7,6/23/13,0,0,0,0,0,0,0
10,1,6/24/13,5905,668,1,0,0,0,0
10,2,6/25/13,4946,584,1,0,0,0,0
10,3,6/26/13,4923,556,1,0,0,0,0
10,4,6/27/13,4791,547,1,0,1,0,0
10,5,6/28/13,5814,559,1,0,1,0,0
10,6,6/29/13,4610,467,1,0,0,0,0
10,7,6/30/13,0,0,0,0,0,0,0
10,1,7/1/13,7138,697,1,1,1,0,0
10,2,7/2/13,5828,585,1,1,1,0,0
10,3,7/3/13,5636,535,1,1,1,0,0
10,4,7/4/13,5798,604,1,1,1,0,0
10,5,7/5/13,5663,588,1,1,1,0,0
10,6,7/6/13,4349,475,1,0,1,0,0
10,7,7/7/13,0,0,0,0,1,0,0
10,1,7/8/13,5792,619,1,0,1,0,0
10,2,7/9/13,4503,520,1,0,1,0,0
10,3,7/10/13,4305,523,1,0,1,0,0
10,4,7/11/13,4161,485,1,0,1,0,0
10,5,7/12/13,4595,493,1,0,1,0,0
10,6,7/13/13,4090,427,1,0,1,0,0
10,7,7/14/13,0,0,0,0,1,0,0
10,1,7/15/13,7179,697,1,1,1,0,0
10,2,7/16/13,6093,606,1,1,1,0,0
10,3,7/17/13,5200,554,1,1,1,0,0
10,4,7/18/13,5048,551,1,1,1,0,0
10,5,7/19/13,6122,622,1,1,1,0,0
10,6,7/20/13,3957,452,1,0,1,0,0
10,7,7/21/13,0,0,0,0,1,0,0
10,1,7/22/13,4553,591,1,0,1,0,0
10,2,7/23/13,4482,476,1,0,1,0,0
10,3,7/24/13,4160,463,1,0,1,0,0
10,4,7/25/13,4238,520,1,0,1,0,0
10,5,7/26/13,4264,475,1,0,1,0,0
10,6,7/27/13,3927,423,1,0,1,0,0
10,7,7/28/13,0,0,0,0,1,0,0
10,1,7/29/13,7368,728,1,1,1,0,0
10,2,7/30/13,6378,627,1,1,1,0,0
10,3,7/31/13,5915,625,1,1,1,0,0
10,4,8/1/13,5861,588,1,1,1,0,0
10,5,8/2/13,5052,560,1,1,1,0,0
10,6,8/3/13,3805,434,1,0,1,0,0
10,7,8/4/13,0,0,0,0,1,0,0
10,1,8/5/13,5504,653,1,0,1,0,0
10,2,8/6/13,5008,568,1,0,1,0,0
10,3,8/7/13,5064,605,1,0,1,0,0
10,4,8/8/13,4719,533,1,0,0,0,0
10,5,8/9/13,4829,566,1,0,0,0,0
10,6,8/10/13,4648,502,1,0,0,0,0
10,7,8/11/13,0,0,0,0,0,0,0
10,1,8/12/13,8062,817,1,1,0,0,0
10,2,8/13/13,6781,710,1,1,0,0,0
10,3,8/14/13,5972,637,1,1,0,0,0
10,4,8/15/13,5212,606,1,1,0,0,0
10,5,8/16/13,5604,634,1,1,0,0,0
10,6,8/17/13,4703,553,1,0,0,0,0
10,7,8/18/13,0,0,0,0,0,0,0
10,1,8/19/13,4556,532,1,0,0,0,0
10,2,8/20/13,4433,566,1,0,0,0,0
10,3,8/21/13,4709,563,1,0,0,0,0
10,4,8/22/13,4359,540,1,0,0,0,0
10,5,8/23/13,4592,570,1,0,0,0,0
10,6,8/24/13,5032,524,1,0,0,0,0
10,7,8/25/13,0,0,0,0,0,0,0
10,1,8/26/13,6588,735,1,1,0,0,0
10,2,8/27/13,6350,694,1,1,0,0,0
10,3,8/28/13,5791,634,1,1,0,0,0
10,4,8/29/13,5578,609,1,1,0,0,0
10,5,8/30/13,6448,655,1,1,0,0,0
10,6,8/31/13,4717,516,1,0,0,0,0
10,7,9/1/13,0,0,0,0,0,0,0
10,1,9/2/13,4674,585,1,0,0,0,0
10,2,9/3/13,4968,587,1,0,0,0,0
10,3,9/4/13,4160,518,1,0,0,0,0
10,4,9/5/13,4717,568,1,0,0,0,0
10,5,9/6/13,4582,519,1,0,0,0,0
10,6,9/7/13,4467,469,1,0,0,0,0
10,7,9/8/13,0,0,0,0,0,0,0
10,1,9/9/13,7486,737,1,1,0,0,0
10,2,9/10/13,5937,630,1,1,0,0,0
10,3,9/11/13,4936,570,1,1,0,0,0
10,4,9/12/13,5681,603,1,1,0,0,0
10,5,9/13/13,5518,622,1,1,0,0,0
10,6,9/14/13,4262,464,1,0,0,0,0
10,7,9/15/13,0,0,0,0,0,0,0
10,1,9/16/13,5405,651,1,0,0,0,0
10,2,9/17/13,4394,543,1,0,0,0,0
10,3,9/18/13,4544,536,1,0,0,0,0
10,4,9/19/13,4205,538,1,0,0,0,0
10,5,9/20/13,4708,549,1,0,0,0,0
10,6,9/21/13,4137,472,1,0,0,0,0
10,7,9/22/13,0,0,0,0,0,0,0
10,1,9/23/13,7333,731,1,1,0,0,0
10,2,9/24/13,5854,619,1,1,0,0,0
10,3,9/25/13,5359,586,1,1,0,0,0
10,4,9/26/13,5083,582,1,1,0,0,0
10,5,9/27/13,5088,592,1,1,0,0,0
10,6,9/28/13,4681,486,1,0,0,0,0
10,7,9/29/13,0,0,0,0,0,0,0
10,1,9/30/13,5515,599,1,0,0,0,0
10,2,10/1/13,5542,619,1,0,0,0,0
10,3,10/2/13,5743,670,1,0,0,0,0
10,4,10/3/13,0,0,0,0,0,0,0
10,5,10/4/13,6017,648,1,0,1,0,0
10,6,10/5/13,4833,509,1,0,1,0,0
10,7,10/6/13,0,0,0,0,1,0,0
10,1,10/7/13,7173,713,1,1,1,0,0
10,2,10/8/13,5908,598,1,1,1,0,0
10,3,10/9/13,4946,541,1,1,1,0,0
10,4,10/10/13,5067,555,1,1,1,0,0
10,5,10/11/13,4936,544,1,1,1,0,0
10,6,10/12/13,3644,430,1,0,1,0,0
10,7,10/13/13,0,0,0,0,1,0,0
10,1,10/14/13,4809,574,1,0,1,0,0
10,2,10/15/13,4252,494,1,0,1,0,0
10,3,10/16/13,3481,471,1,0,1,0,0
10,4,10/17/13,4148,503,1,0,1,0,0
10,5,10/18/13,4294,535,1,0,1,0,0
10,6,10/19/13,4313,504,1,0,0,0,0
10,7,10/20/13,0,0,0,0,0,0,0
10,1,10/21/13,7099,740,1,1,0,0,0
10,2,10/22/13,6067,632,1,1,0,0,0
10,3,10/23/13,5570,575,1,1,0,0,0
10,4,10/24/13,5789,626,1,1,0,0,0
10,5,10/25/13,5592,591,1,1,0,0,0
10,6,10/26/13,4450,488,1,0,0,0,0
10,7,10/27/13,0,0,0,0,0,0,0
10,1,10/28/13,4790,556,1,0,0,0,0
10,2,10/29/13,4612,533,1,0,0,0,0
10,3,10/30/13,4877,554,1,0,0,0,0
10,4,10/31/13,5093,589,1,0,0,0,0
10,5,11/1/13,5410,587,1,0,0,0,0
10,6,11/2/13,5015,529,1,0,0,0,0
10,7,11/3/13,0,0,0,0,0,0,0
10,1,11/4/13,6389,612,1,1,0,0,0
10,2,11/5/13,6824,691,1,1,0,0,0
10,3,11/6/13,5708,563,1,1,0,0,0
10,4,11/7/13,5652,606,1,1,0,0,0
10,5,11/8/13,5925,623,1,1,0,0,0
10,6,11/9/13,4557,492,1,0,0,0,0
10,7,11/10/13,0,0,0,0,0,0,0
10,1,11/11/13,5022,590,1,0,0,0,0
10,2,11/12/13,4209,521,1,0,0,0,0
10,3,11/13/13,4601,512,1,0,0,0,0
10,4,11/14/13,4569,532,1,0,0,0,0
10,5,11/15/13,5010,563,1,0,0,0,0
10,6,11/16/13,5092,521,1,0,0,0,0
10,7,11/17/13,0,0,0,0,0,0,0
10,1,11/18/13,7573,684,1,1,0,0,0
10,2,11/19/13,6130,626,1,1,0,0,0
10,3,11/20/13,5630,598,1,1,0,0,0
10,4,11/21/13,5514,623,1,1,0,0,0
10,5,11/22/13,5675,612,1,1,0,0,0
10,6,11/23/13,4489,504,1,0,0,0,0
10,7,11/24/13,0,0,0,0,0,0,0
10,1,11/25/13,5735,623,1,0,0,0,0
10,2,11/26/13,5033,560,1,0,0,0,0
10,3,11/27/13,5496,564,1,0,0,0,0
10,4,11/28/13,5422,606,1,0,0,0,0
10,5,11/29/13,5948,611,1,0,0,0,0
10,6,11/30/13,6766,656,1,0,0,0,0
10,7,12/1/13,0,0,0,0,0,0,0
10,1,12/2/13,8101,780,1,1,0,0,0
10,2,12/3/13,7223,660,1,1,0,0,0
10,3,12/4/13,5291,571,1,1,0,0,0
10,4,12/5/13,6293,621,1,1,0,0,0
10,5,12/6/13,5937,639,1,1,0,0,0
10,6,12/7/13,4966,566,1,0,0,0,0
10,7,12/8/13,0,0,0,0,0,0,0
10,1,12/9/13,5036,548,1,0,0,0,0
10,2,12/10/13,5908,629,1,0,0,0,0
10,3,12/11/13,5002,576,1,0,0,0,0
10,4,12/12/13,5663,606,1,0,0,0,0
10,5,12/13/13,6023,628,1,0,0,0,0
10,6,12/14/13,5689,575,1,0,0,0,0
10,7,12/15/13,0,0,0,0,0,0,0
10,1,12/16/13,9123,853,1,1,0,0,0
10,2,12/17/13,8109,774,1,1,0,0,0
10,3,12/18/13,7893,737,1,1,0,0,0
10,4,12/19/13,7536,777,1,1,0,0,0
10,5,12/20/13,8268,866,1,1,0,0,0
10,6,12/21/13,7007,740,1,0,0,0,0
10,7,12/22/13,0,0,0,0,0,0,0
10,1,12/23/13,9534,1060,1,0,1,0,0
10,2,12/24/13,3915,456,1,0,1,0,0
10,3,12/25/13,0,0,0,0,1,0,0
10,4,12/26/13,0,0,0,0,1,0,0
10,5,12/27/13,5094,555,1,0,1,0,0
10,6,12/28/13,4762,513,1,0,1,0,0
10,7,12/29/13,0,0,0,0,1,0,0
10,1,12/30/13,7525,769,1,0,1,0,0
10,2,12/31/13,4062,470,1,0,1,0,0
10,3,1/1/14,0,0,0,0,1,0,0
10,4,1/2/14,4533,507,1,0,1,0,0
10,5,1/3/14,5012,517,1,0,1,0,0
10,6,1/4/14,4928,531,1,0,0,0,0
10,7,1/5/14,0,0,0,0,0,0,0
10,1,1/6/14,8325,776,1,1,0,0,0
10,2,1/7/14,6470,617,1,1,0,0,0
10,3,1/8/14,5650,615,1,1,0,0,0
10,4,1/9/14,5109,561,1,1,0,0,0
10,5,1/10/14,5939,644,1,1,0,0,0
10,6,1/11/14,4504,480,1,0,0,0,0
10,7,1/12/14,0,0,0,0,0,0,0
10,1,1/13/14,5164,582,1,0,0,0,0
10,2,1/14/14,4612,560,1,0,0,0,0
10,3,1/15/14,3959,485,1,0,0,0,0
10,4,1/16/14,4279,509,1,0,0,0,0
10,5,1/17/14,4634,528,1,0,0,0,0
10,6,1/18/14,4788,502,1,0,0,0,0
10,7,1/19/14,0,0,0,0,0,0,0
10,1,1/20/14,7962,779,1,1,0,0,0
10,2,1/21/14,6444,632,1,1,0,0,0
10,3,1/22/14,5560,572,1,1,0,0,0
10,4,1/23/14,5593,563,1,1,0,0,0
10,5,1/24/14,5474,596,1,1,0,0,0
10,6,1/25/14,4702,463,1,0,0,0,0
10,7,1/26/14,0,0,0,0,0,0,0
10,1,1/27/14,4543,548,1,0,0,0,0
10,2,1/28/14,4415,551,1,0,0,0,0
10,3,1/29/14,4330,469,1,0,0,0,0
10,4,1/30/14,4752,588,1,0,1,0,0
10,5,1/31/14,5807,623,1,0,1,0,0
10,6,2/1/14,4453,455,1,0,0,0,0
10,7,2/2/14,0,0,0,0,0,0,0
10,1,2/3/14,8758,830,1,1,0,0,0
10,2,2/4/14,6471,658,1,1,0,0,0
10,3,2/5/14,5062,590,1,1,0,0,0
10,4,2/6/14,6034,603,1,1,0,0,0
10,5,2/7/14,4686,523,1,1,0,0,0
10,6,2/8/14,4802,547,1,0,0,0,0
10,7,2/9/14,0,0,0,0,0,0,0
10,1,2/10/14,4809,613,1,0,0,0,0
10,2,2/11/14,5372,624,1,0,0,0,0
10,3,2/12/14,4723,578,1,0,0,0,0
10,4,2/13/14,4406,550,1,0,0,0,0
10,5,2/14/14,4992,575,1,0,0,0,0
10,6,2/15/14,4397,537,1,0,0,0,0
10,7,2/16/14,0,0,0,0,0,0,0
10,1,2/17/14,8294,780,1,1,0,0,0
10,2,2/18/14,6128,656,1,1,0,0,0
10,3,2/19/14,5561,600,1,1,0,0,0
10,4,2/20/14,5060,590,1,1,0,0,0
10,5,2/21/14,5756,635,1,1,0,0,0
10,6,2/22/14,4129,455,1,0,0,0,0
10,7,2/23/14,0,0,0,0,0,0,0
10,1,2/24/14,5319,629,1,0,0,0,0
10,2,2/25/14,5035,582,1,0,0,0,0
10,3,2/26/14,4253,560,1,0,0,0,0
10,4,2/27/14,4773,537,1,0,0,0,0
10,5,2/28/14,5721,614,1,0,0,0,0
10,6,3/1/14,5235,567,1,0,0,0,0
10,7,3/2/14,0,0,0,0,0,0,0
10,1,3/3/14,7761,795,1,1,0,0,0
10,2,3/4/14,6000,675,1,1,0,0,0
10,3,3/5/14,5975,654,1,1,0,0,0
10,4,3/6/14,6129,635,1,1,0,0,0
10,5,3/7/14,5572,614,1,1,0,0,0
10,6,3/8/14,4759,510,1,0,0,0,0
10,7,3/9/14,0,0,0,0,0,0,0
10,1,3/10/14,5560,640,1,0,0,0,0
10,2,3/11/14,4923,563,1,0,0,0,0
10,3,3/12/14,4883,573,1,0,0,0,0
10,4,3/13/14,4865,557,1,0,0,0,0
10,5,3/14/14,5061,603,1,0,0,0,0
10,6,3/15/14,4564,508,1,0,0,0,0
10,7,3/16/14,0,0,0,0,0,0,0
10,1,3/17/14,6613,685,1,1,0,0,0
10,2,3/18/14,5791,630,1,1,0,0,0
10,3,3/19/14,5882,631,1,1,0,0,0
10,4,3/20/14,4452,547,1,1,0,0,0
10,5,3/21/14,5045,570,1,1,0,0,0
10,6,3/22/14,4695,484,1,0,0,0,0
10,7,3/23/14,0,0,0,0,0,0,0
10,1,3/24/14,4887,618,1,0,0,0,0
10,2,3/25/14,4394,550,1,0,0,0,0
10,3,3/26/14,4416,509,1,0,0,0,0
10,4,3/27/14,4814,544,1,0,0,0,0
10,5,3/28/14,4711,543,1,0,0,0,0
10,6,3/29/14,4847,471,1,0,0,0,0
10,7,3/30/14,0,0,0,0,0,0,0
10,1,3/31/14,8438,794,1,1,0,0,0
10,2,4/1/14,7048,650,1,1,0,0,0
10,3,4/2/14,6449,653,1,1,0,0,0
10,4,4/3/14,5898,603,1,1,1,0,0
10,5,4/4/14,5932,614,1,1,1,0,0
10,6,4/5/14,4778,512,1,0,1,0,0
10,7,4/6/14,0,0,0,0,1,0,0
10,1,4/7/14,4828,544,1,0,1,0,0
10,2,4/8/14,4525,490,1,0,1,0,0
10,3,4/9/14,4152,464,1,0,1,0,0
10,4,4/10/14,4584,489,1,0,1,0,0
10,5,4/11/14,4456,519,1,0,1,0,0
10,6,4/12/14,4540,477,1,0,1,0,0
10,7,4/13/14,0,0,0,0,1,0,0
10,1,4/14/14,6419,622,1,1,1,0,0
10,2,4/15/14,6087,603,1,1,1,0,0
10,3,4/16/14,5629,603,1,1,1,0,0
10,4,4/17/14,6250,689,1,1,1,0,0
10,5,4/18/14,0,0,0,1,1,0,0
10,6,4/19/14,6187,700,1,0,1,0,0
10,7,4/20/14,0,0,0,0,1,0,0
10,1,4/21/14,0,0,0,0,1,0,0
10,2,4/22/14,5969,657,1,0,1,0,0
10,3,4/23/14,4712,544,1,0,0,0,0
10,4,4/24/14,4533,576,1,0,0,0,0
10,5,4/25/14,4936,577,1,0,0,0,0
10,6,4/26/14,4804,513,1,0,0,0,0
10,7,4/27/14,0,0,0,0,0,0,0
10,1,4/28/14,7910,759,1,1,0,0,0
10,2,4/29/14,6685,691,1,1,0,0,0
10,3,4/30/14,7006,730,1,1,0,0,0
10,4,5/1/14,0,0,0,1,0,0,0
10,5,5/2/14,8145,826,1,1,1,0,0
10,6,5/3/14,5116,560,1,0,0,0,0
10,7,5/4/14,0,0,0,0,0,0,0
10,1,5/5/14,7714,770,1,1,0,0,0
10,2,5/6/14,6837,662,1,1,0,0,0
10,3,5/7/14,6372,637,1,1,0,0,0
10,4,5/8/14,6279,617,1,1,0,0,0
10,5,5/9/14,6547,664,1,1,0,0,0
10,6,5/10/14,4632,508,1,0,0,0,0
10,7,5/11/14,0,0,0,0,0,0,0
10,1,5/12/14,4404,511,1,0,0,0,0
10,2,5/13/14,5471,597,1,0,0,0,0
10,3,5/14/14,5002,566,1,0,0,0,0
10,4,5/15/14,4677,552,1,0,0,0,0
10,5,5/16/14,5023,561,1,0,0,0,0
10,6,5/17/14,4608,500,1,0,0,0,0
10,7,5/18/14,0,0,0,0,0,0,0
10,1,5/19/14,7880,727,1,1,0,0,0
10,2,5/20/14,6611,668,1,1,0,0,0
10,3,5/21/14,5724,606,1,1,0,0,0
10,4,5/22/14,5448,563,1,1,0,0,0
10,5,5/23/14,5890,570,1,1,0,0,0
10,6,5/24/14,5034,516,1,0,0,0,0
10,7,5/25/14,0,0,0,0,0,0,0
10,1,5/26/14,6172,665,1,0,0,0,0
10,2,5/27/14,5303,563,1,0,0,0,0
10,3,5/28/14,5230,587,1,0,0,0,0
10,4,5/29/14,0,0,0,0,0,0,0
10,5,5/30/14,6624,642,1,0,1,0,0
10,6,5/31/14,5322,538,1,0,0,0,0
10,7,6/1/14,0,0,0,0,0,0,0
10,1,6/2/14,9211,812,1,1,0,0,0
10,2,6/3/14,6491,629,1,1,0,0,0
10,3,6/4/14,6406,614,1,1,0,0,0
10,4,6/5/14,6711,662,1,1,0,0,0
10,5,6/6/14,6907,714,1,1,0,0,0
10,6,6/7/14,5189,543,1,0,0,0,0
10,7,6/8/14,0,0,0,0,0,0,0
10,1,6/9/14,0,0,0,0,0,0,0
10,2,6/10/14,5762,612,1,0,1,0,0
10,3,6/11/14,5163,575,1,0,0,0,0
10,4,6/12/14,5746,593,1,0,0,0,0
10,5,6/13/14,5047,568,1,0,0,0,0
10,6,6/14/14,5188,537,1,0,0,0,0
10,7,6/15/14,0,0,0,0,0,0,0
10,1,6/16/14,6816,677,1,1,0,0,0
10,2,6/17/14,6750,658,1,1,0,0,0
10,3,6/18/14,5833,608,1,1,0,0,0
10,4,6/19/14,5484,561,1,1,0,0,0
10,5,6/20/14,5656,605,1,1,0,0,0
10,6,6/21/14,4282,460,1,0,0,0,0
10,7,6/22/14,0,0,0,0,0,0,0
10,1,6/23/14,5683,598,1,0,0,0,0
10,2,6/24/14,5442,589,1,0,0,0,0
10,3,6/25/14,4823,540,1,0,0,0,0
10,4,6/26/14,4633,533,1,0,0,0,0
10,5,6/27/14,4626,552,1,0,0,0,0
10,6,6/28/14,4606,478,1,0,0,0,0
10,7,6/29/14,0,0,0,0,0,0,0
10,1,6/30/14,7707,722,1,1,0,0,0
10,2,7/1/14,6192,618,1,1,0,0,0
10,3,7/2/14,5951,614,1,1,0,0,0
10,4,7/3/14,5637,627,1,1,0,0,0
10,5,7/4/14,5176,577,1,1,0,0,0
10,6,7/5/14,5038,505,1,0,0,0,0
10,7,7/6/14,0,0,0,0,0,0,0
10,1,7/7/14,5614,603,1,0,0,0,0
10,2,7/8/14,4830,541,1,0,0,0,0
10,3,7/9/14,3567,440,1,0,0,0,0
10,4,7/10/14,4693,550,1,0,0,0,0
10,5,7/11/14,5331,623,1,0,0,0,0
10,6,7/12/14,4682,488,1,0,0,0,0
10,7,7/13/14,0,0,0,0,0,0,0
10,1,7/14/14,7386,718,1,1,0,0,0
10,2,7/15/14,6704,670,1,1,0,0,0
10,3,7/16/14,6726,635,1,1,0,0,0
10,4,7/17/14,6070,653,1,1,0,0,0
10,5,7/18/14,6424,681,1,1,0,0,0
10,6,7/19/14,4682,496,1,0,0,0,0
10,7,7/20/14,0,0,0,0,0,0,0
10,1,7/21/14,5703,620,1,0,0,0,0
10,2,7/22/14,4632,533,1,0,0,0,0
10,3,7/23/14,5096,576,1,0,0,0,0
10,4,7/24/14,4833,563,1,0,0,0,0
10,5,7/25/14,5027,572,1,0,0,0,0
10,6,7/26/14,5429,539,1,0,0,0,0
10,7,7/27/14,0,0,0,0,0,0,0
10,1,7/28/14,8422,756,1,1,0,0,0
10,2,7/29/14,6635,662,1,1,0,0,0
10,3,7/30/14,6316,619,1,1,0,0,0
10,4,7/31/14,6637,662,1,1,1,0,0
10,5,8/1/14,6997,716,1,1,1,0,0
10,6,8/2/14,5284,526,1,0,1,0,0
10,7,8/3/14,0,0,0,0,1,0,0
10,1,8/4/14,7049,685,1,1,1,0,0
10,2,8/5/14,6201,586,1,1,1,0,0
10,3,8/6/14,5811,571,1,1,1,0,0
10,4,8/7/14,5452,561,1,1,1,0,0
10,5,8/8/14,5683,595,1,1,1,0,0
10,6,8/9/14,4420,477,1,0,1,0,0
10,7,8/10/14,0,0,0,0,1,0,0
10,1,8/11/14,5661,567,1,0,1,0,0
10,2,8/12/14,4672,475,1,0,1,0,0
10,3,8/13/14,4791,506,1,0,1,0,0
10,4,8/14/14,4206,478,1,0,1,0,0
10,5,8/15/14,5205,523,1,0,1,0,0
10,6,8/16/14,4478,464,1,0,1,0,0
10,7,8/17/14,0,0,0,0,1,0,0
10,1,8/18/14,6450,640,1,1,1,0,0
10,2,8/19/14,5044,525,1,1,1,0,0
10,3,8/20/14,5053,537,1,1,1,0,0
10,4,8/21/14,5182,525,1,1,1,0,0
10,5,8/22/14,4682,531,1,1,1,0,0
10,6,8/23/14,3567,421,1,0,1,0,0
10,7,8/24/14,0,0,0,0,1,0,0
10,1,8/25/14,4346,539,1,0,1,0,0
10,2,8/26/14,4496,484,1,0,1,0,0
10,3,8/27/14,3755,464,1,0,1,0,0
10,4,8/28/14,4043,443,1,0,1,0,0
10,5,8/29/14,5266,539,1,0,1,0,0
10,6,8/30/14,4372,464,1,0,1,0,0
10,7,8/31/14,0,0,0,0,1,0,0
10,1,9/1/14,7033,697,1,1,1,0,0
10,2,9/2/14,5937,562,1,1,1,0,0
10,3,9/3/14,5397,559,1,1,1,0,0
10,4,9/4/14,5840,565,1,1,1,0,0
10,5,9/5/14,5391,563,1,1,1,0,0
10,6,9/6/14,4228,458,1,0,1,0,0
10,7,9/7/14,0,0,0,0,1,0,0
10,1,9/8/14,5329,616,1,0,1,0,0
10,2,9/9/14,4785,549,1,0,1,0,0
10,3,9/10/14,5488,593,1,0,1,0,0
10,4,9/11/14,4512,563,1,0,0,0,0
10,5,9/12/14,5471,594,1,0,0,0,0
10,6,9/13/14,4601,468,1,0,0,0,0
10,7,9/14/14,0,0,0,0,0,0,0
10,1,9/15/14,7583,766,1,1,0,0,0
10,2,9/16/14,6124,634,1,1,0,0,0
10,3,9/17/14,5714,614,1,1,0,0,0
10,4,9/18/14,5511,620,1,1,0,0,0
10,5,9/19/14,5512,609,1,1,0,0,0
10,6,9/20/14,5075,539,1,0,0,0,0
10,7,9/21/14,0,0,0,0,0,0,0
10,1,9/22/14,5177,594,1,0,0,0,0
10,2,9/23/14,4787,573,1,0,0,0,0
10,3,9/24/14,4679,528,1,0,0,0,0
10,4,9/25/14,4547,564,1,0,0,0,0
10,5,9/26/14,4750,576,1,0,0,0,0
10,6,9/27/14,4113,469,1,0,0,0,0
10,7,9/28/14,0,0,0,0,0,0,0
10,1,9/29/14,7302,737,1,1,0,0,0
10,2,9/30/14,6790,697,1,1,0,0,0
10,3,10/1/14,6982,687,1,1,0,0,0
10,4,10/2/14,7145,756,1,1,0,0,0
10,5,10/3/14,0,0,0,1,0,0,0
10,6,10/4/14,5966,621,1,0,0,0,0
10,7,10/5/14,0,0,0,0,0,0,0
10,1,10/6/14,7405,739,1,1,0,0,0
10,2,10/7/14,6298,633,1,1,0,0,0
10,3,10/8/14,5903,618,1,1,0,0,0
10,4,10/9/14,6334,670,1,1,0,0,0
10,5,10/10/14,6059,694,1,1,0,0,0
10,6,10/11/14,4898,531,1,0,0,0,0
10,7,10/12/14,0,0,0,0,0,0,0
10,1,10/13/14,5521,632,1,0,0,0,0
10,2,10/14/14,4852,563,1,0,0,0,0
10,3,10/15/14,4508,529,1,0,0,0,0
10,4,10/16/14,4876,524,1,0,0,0,0
10,5,10/17/14,5317,579,1,0,0,0,0
10,6,10/18/14,4816,523,1,0,0,0,0
10,7,10/19/14,0,0,0,0,0,0,0
10,1,10/20/14,7410,757,1,1,0,0,0
10,2,10/21/14,5604,574,1,1,0,0,0
10,3,10/22/14,4773,510,1,1,0,0,0
10,4,10/23/14,5836,641,1,1,0,0,0
10,5,10/24/14,6059,672,1,1,0,0,0
10,6,10/25/14,5062,512,1,0,0,0,0
10,7,10/26/14,0,0,0,0,0,0,0
10,1,10/27/14,4800,584,1,0,1,0,0
10,2,10/28/14,4910,528,1,0,1,0,0
10,3,10/29/14,4402,493,1,0,1,0,0
10,4,10/30/14,5090,560,1,0,1,0,0
10,5,10/31/14,5597,553,1,0,1,0,0
10,6,11/1/14,4349,475,1,0,0,0,0
10,7,11/2/14,0,0,0,0,0,0,0
10,1,11/3/14,7438,709,1,1,1,0,0
10,2,11/4/14,6331,610,1,1,1,0,0
10,3,11/5/14,4965,550,1,1,1,0,0
10,4,11/6/14,5907,591,1,1,1,0,0
10,5,11/7/14,6498,630,1,1,1,0,0
10,6,11/8/14,5561,533,1,0,0,0,0
10,7,11/9/14,0,0,0,0,0,0,0
10,1,11/10/14,6811,713,1,1,0,0,0
10,2,11/11/14,7009,670,1,1,0,0,0
10,3,11/12/14,6226,639,1,1,0,0,0
10,4,11/13/14,5766,609,1,1,0,0,0
10,5,11/14/14,6239,635,1,1,0,0,0
10,6,11/15/14,4895,542,1,0,0,0,0
10,7,11/16/14,0,0,0,0,0,0,0
10,1,11/17/14,5346,613,1,0,0,0,0
10,2,11/18/14,5290,630,1,0,0,0,0
10,3,11/19/14,5340,625,1,0,0,0,0
10,4,11/20/14,4753,567,1,0,0,0,0
10,5,11/21/14,5577,586,1,0,0,0,0
10,6,11/22/14,5337,525,1,0,0,0,0
10,7,11/23/14,0,0,0,0,0,0,0
10,1,11/24/14,7774,737,1,1,0,0,0
10,2,11/25/14,6454,657,1,1,0,0,0
10,3,11/26/14,6882,655,1,1,0,0,0
10,4,11/27/14,7212,684,1,1,0,0,0
10,5,11/28/14,7421,732,1,1,0,0,0
10,6,11/29/14,6517,673,1,0,0,0,0
10,7,11/30/14,0,0,0,0,0,0,0
10,1,12/1/14,7440,732,1,1,0,0,0
10,2,12/2/14,7432,700,1,1,0,0,0
10,3,12/3/14,6532,619,1,1,0,0,0
10,4,12/4/14,6665,653,1,1,0,0,0
10,5,12/5/14,7349,726,1,1,0,0,0
10,6,12/6/14,5292,545,1,0,0,0,0
10,7,12/7/14,0,0,0,0,0,0,0
10,1,12/8/14,5202,599,1,0,0,0,0
10,2,12/9/14,5636,613,1,0,0,0,0
10,3,12/10/14,5268,581,1,0,0,0,0
10,4,12/11/14,4621,516,1,0,0,0,0
10,5,12/12/14,5211,557,1,0,0,0,0
10,6,12/13/14,6041,615,1,0,0,0,0
10,7,12/14/14,0,0,0,0,0,0,0
10,1,12/15/14,8833,759,1,1,0,0,0
10,2,12/16/14,7707,727,1,1,0,0,0
10,3,12/17/14,7015,674,1,1,0,0,0
10,4,12/18/14,6569,689,1,1,0,0,0
10,5,12/19/14,6922,710,1,1,0,0,0
10,6,12/20/14,6482,609,1,0,0,0,0
10,7,12/21/14,0,0,0,0,0,0,0
10,1,12/22/14,8597,858,1,0,1,0,0
10,2,12/23/14,8406,893,1,0,1,0,0
10,3,12/24/14,5239,512,1,0,1,0,0
10,4,12/25/14,0,0,0,0,1,0,0
10,5,12/26/14,0,0,0,0,1,0,0
10,6,12/27/14,4787,537,1,0,1,0,0
10,7,12/28/14,0,0,0,0,1,0,0
10,1,12/29/14,6157,629,1,0,1,0,0
10,2,12/30/14,6862,673,1,0,1,0,0
10,3,12/31/14,4216,450,1,0,1,0,0
10,4,1/1/15,0,0,0,0,1,0,0
10,5,1/2/15,4902,514,1,0,1,0,0
10,6,1/3/15,4956,502,1,0,0,0,0
10,7,1/4/15,0,0,0,0,0,0,0
10,1,1/5/15,7581,745,1,1,1,0,0
10,2,1/6/15,6192,613,1,1,0,0,0
10,3,1/7/15,5200,599,1,1,0,0,0
10,4,1/8/15,4534,487,1,1,0,0,0
10,5,1/9/15,5746,612,1,1,0,0,0
10,6,1/10/15,4289,463,1,0,0,0,0
10,7,1/11/15,0,0,0,0,0,0,0
10,1,1/12/15,6460,654,1,1,0,0,0
10,2,1/13/15,5802,592,1,1,0,0,0
10,3,1/14/15,5049,563,1,1,0,0,0
10,4,1/15/15,5656,601,1,1,0,0,0
10,5,1/16/15,7036,669,1,1,0,0,0
10,6,1/17/15,4867,547,1,0,0,0,0
10,7,1/18/15,0,0,0,0,0,0,0
10,1,1/19/15,5302,594,1,0,0,0,0
10,2,1/20/15,4681,537,1,0,0,0,0
10,3,1/21/15,3792,489,1,0,0,0,0
10,4,1/22/15,4203,525,1,0,0,0,0
10,5,1/23/15,5131,580,1,0,0,0,0
10,6,1/24/15,4192,464,1,0,0,0,0
10,7,1/25/15,0,0,0,0,0,0,0
10,1,1/26/15,6088,624,1,1,0,0,0
10,2,1/27/15,6137,636,1,1,0,0,0
10,3,1/28/15,5173,512,1,1,0,0,0
10,4,1/29/15,6203,603,1,1,0,0,0
10,5,1/30/15,6350,602,1,1,0,0,0
10,6,1/31/15,4806,491,1,0,0,0,0
10,7,2/1/15,0,0,0,0,0,0,0
10,1,2/2/15,7275,704,1,1,1,0,0
10,2,2/3/15,5982,612,1,1,1,0,0
10,3,2/4/15,6052,641,1,1,0,0,0
10,4,2/5/15,5416,590,1,1,0,0,0
10,5,2/6/15,5772,614,1,1,0,0,0
10,6,2/7/15,4770,518,1,0,0,0,0
10,7,2/8/15,0,0,0,0,0,0,0
10,1,2/9/15,4795,574,1,0,0,0,0
10,2,2/10/15,5094,589,1,0,0,0,0
10,3,2/11/15,5530,620,1,0,0,0,0
10,4,2/12/15,4602,522,1,0,0,0,0
10,5,2/13/15,5285,614,1,0,0,0,0
10,6,2/14/15,4610,533,1,0,0,0,0
10,7,2/15/15,0,0,0,0,0,0,0
10,1,2/16/15,7738,752,1,1,0,0,0
10,2,2/17/15,6615,651,1,1,0,0,0
10,3,2/18/15,6502,634,1,1,0,0,0
10,4,2/19/15,5858,606,1,1,0,0,0
10,5,2/20/15,5743,595,1,1,0,0,0
10,6,2/21/15,5302,542,1,0,0,0,0
10,7,2/22/15,0,0,0,0,0,0,0
10,1,2/23/15,5348,582,1,0,0,0,0
10,2,2/24/15,4842,575,1,0,0,0,0
10,3,2/25/15,4347,565,1,0,0,0,0
10,4,2/26/15,4792,564,1,0,0,0,0
10,5,2/27/15,5562,563,1,0,0,0,0
10,6,2/28/15,5127,572,1,0,0,0,0
10,7,3/1/15,0,0,0,0,0,0,0
10,1,3/2/15,7600,741,1,1,0,0,0
10,2,3/3/15,6313,641,1,1,0,0,0
10,3,3/4/15,5959,600,1,1,0,0,0
10,4,3/5/15,5823,637,1,1,0,0,0
10,5,3/6/15,6374,667,1,1,0,0,0
10,6,3/7/15,4710,523,1,0,0,0,0
10,7,3/8/15,0,0,0,0,0,0,0
10,1,3/9/15,5821,629,1,0,0,0,0
10,2,3/10/15,5511,619,1,0,0,0,0
10,3,3/11/15,5043,552,1,0,0,0,0
10,4,3/12/15,4595,536,1,0,0,0,0
10,5,3/13/15,5755,576,1,0,0,0,0
10,6,3/14/15,5187,539,1,0,0,0,0
10,7,3/15/15,0,0,0,0,0,0,0
10,1,3/16/15,8298,816,1,1,0,0,0
10,2,3/17/15,6951,734,1,1,0,0,0
10,3,3/18/15,6448,631,1,1,0,0,0
10,4,3/19/15,4909,576,1,1,0,0,0
10,5,3/20/15,6836,684,1,1,0,0,0
10,6,3/21/15,4508,493,1,0,0,0,0
10,7,3/22/15,0,0,0,0,0,0,0
10,1,3/23/15,5790,611,1,0,0,0,0
10,2,3/24/15,5059,574,1,0,0,0,0
10,3,3/25/15,3506,386,1,0,1,0,0
10,4,3/26/15,4778,553,1,0,1,0,0
10,5,3/27/15,5114,507,1,0,1,0,0
10,6,3/28/15,5332,503,1,0,1,0,0
10,7,3/29/15,0,0,0,0,1,0,0
10,1,3/30/15,6774,628,1,1,1,0,0
10,2,3/31/15,5848,546,1,1,1,0,0
10,3,4/1/15,6542,618,1,1,1,0,0
10,4,4/2/15,6725,724,1,1,1,0,0
10,5,4/3/15,0,0,0,1,1,0,0
10,6,4/4/15,6243,688,1,0,1,0,0
10,7,4/5/15,0,0,0,0,1,0,0
10,1,4/6/15,0,0,0,0,1,0,0
10,2,4/7/15,5767,606,1,0,1,0,0
10,3,4/8/15,4971,536,1,0,1,0,0
10,4,4/9/15,4723,532,1,0,1,0,0
10,5,4/10/15,4792,560,1,0,1,0,0
10,6,4/11/15,4586,491,1,0,0,0,0
10,7,4/12/15,0,0,0,0,0,0,0
10,1,4/13/15,8442,778,1,1,0,0,0
10,2,4/14/15,7002,685,1,1,0,0,0
10,3,4/15/15,5948,591,1,1,0,0,0
10,4,4/16/15,5915,604,1,1,0,0,0
10,5,4/17/15,6521,617,1,1,0,0,0
10,6,4/18/15,5807,534,1,0,0,0,0
10,7,4/19/15,0,0,0,0,0,0,0
10,1,4/20/15,5130,620,1,0,0,0,0
10,2,4/21/15,5443,592,1,0,0,0,0
10,3,4/22/15,4826,551,1,0,0,0,0
10,4,4/23/15,5576,564,1,0,0,0,0
10,5,4/24/15,5182,578,1,0,0,0,0
10,6,4/25/15,4631,514,1,0,0,0,0
10,7,4/26/15,0,0,0,0,0,0,0
10,1,4/27/15,7558,743,1,1,0,0,0
10,2,4/28/15,6322,614,1,1,0,0,0
10,3,4/29/15,6847,619,1,1,0,0,0
10,4,4/30/15,8112,784,1,1,0,0,0
10,5,5/1/15,0,0,0,1,0,0,0
10,6,5/2/15,6183,640,1,0,0,0,0
10,7,5/3/15,0,0,0,0,0,0,0
10,1,5/4/15,8145,771,1,1,0,0,0
10,2,5/5/15,5968,613,1,1,0,0,0
10,3,5/6/15,6627,629,1,1,0,0,0
10,4,5/7/15,6011,596,1,1,0,0,0
10,5,5/8/15,6650,702,1,1,0,0,0
10,6,5/9/15,5447,542,1,0,0,0,0
10,7,5/10/15,0,0,0,0,0,0,0
10,1,5/11/15,4847,589,1,0,0,0,0
10,2,5/12/15,5687,595,1,0,0,0,0
10,3,5/13/15,5938,674,1,0,0,0,0
10,4,5/14/15,0,0,0,0,0,0,0
10,5,5/15/15,6869,681,1,0,1,0,0
10,6,5/16/15,4879,512,1,0,0,0,0
10,7,5/17/15,0,0,0,0,0,0,0
10,1,5/18/15,7674,756,1,1,0,0,0
10,2,5/19/15,6514,619,1,1,0,0,0
10,3,5/20/15,5893,619,1,1,0,0,0
10,4,5/21/15,6038,612,1,1,0,0,0
10,5,5/22/15,6339,614,1,1,0,0,0
10,6,5/23/15,5080,540,1,0,0,0,0
10,7,5/24/15,0,0,0,0,0,0,0
10,1,5/25/15,0,0,0,0,0,0,0
10,2,5/26/15,6506,672,1,0,1,0,0
10,3,5/27/15,6046,629,1,0,0,0,0
10,4,5/28/15,5070,541,1,0,0,0,0
10,5,5/29/15,6073,633,1,0,0,0,0
10,6,5/30/15,5419,578,1,0,0,0,0
10,7,5/31/15,0,0,0,0,0,0,0
10,1,6/1/15,7846,750,1,1,0,0,0
10,2,6/2/15,7572,703,1,1,0,0,0
10,3,6/3/15,6648,635,1,1,0,0,0
10,4,6/4/15,6486,625,1,1,0,0,0
10,5,6/5/15,5828,635,1,1,0,0,0
10,6,6/6/15,5087,529,1,0,0,0,0
10,7,6/7/15,0,0,0,0,0,0,0
10,1,6/8/15,6428,676,1,0,0,0,0
10,2,6/9/15,5299,606,1,0,0,0,0
10,3,6/10/15,5853,583,1,0,0,0,0
10,4,6/11/15,5065,579,1,0,0,0,0
10,5,6/12/15,5385,562,1,0,0,0,0
10,6,6/13/15,5892,555,1,0,0,0,0
10,7,6/14/15,0,0,0,0,0,0,0
10,1,6/15/15,7902,721,1,1,0,0,0
10,2,6/16/15,6681,667,1,1,0,0,0
10,3,6/17/15,6338,622,1,1,0,0,0
10,4,6/18/15,5829,603,1,1,0,0,0
10,5,6/19/15,6191,611,1,1,0,0,0
10,6,6/20/15,4736,512,1,0,0,0,0
10,7,6/21/15,0,0,0,0,0,0,0
10,1,6/22/15,4264,533,1,0,0,0,0
10,2,6/23/15,5244,586,1,0,0,0,0
10,3,6/24/15,4896,550,1,0,0,0,0
10,4,6/25/15,5018,537,1,0,0,0,0
10,5,6/26/15,4771,552,1,0,0,0,0
10,6,6/27/15,4595,497,1,0,0,0,0
10,7,6/28/15,0,0,0,0,0,0,0
10,1,6/29/15,8057,738,1,1,0,0,0
10,2,6/30/15,8565,740,1,1,0,0,0
10,3,7/1/15,7896,684,1,1,0,0,0
10,4,7/2/15,6317,641,1,1,0,0,0
10,5,7/3/15,5915,628,1,1,0,0,0
10,6,7/4/15,5120,521,1,0,0,0,0
10,7,7/5/15,0,0,0,0,0,0,0
10,1,7/6/15,6143,648,1,0,0,0,0
10,2,7/7/15,5476,597,1,0,0,0,0
10,3,7/8/15,4865,518,1,0,0,0,0
10,4,7/9/15,4871,559,1,0,0,0,0
10,5,7/10/15,5747,607,1,0,0,0,0
10,6,7/11/15,4636,523,1,0,0,0,0
10,7,7/12/15,0,0,0,0,0,0,0
10,1,7/13/15,6757,621,1,1,0,0,0
10,2,7/14/15,7491,691,1,1,0,0,0
10,3,7/15/15,6423,628,1,1,0,0,0
10,4,7/16/15,6275,614,1,1,0,0,0
10,5,7/17/15,5356,579,1,1,0,0,0
10,6,7/18/15,5761,550,1,0,0,0,0
10,7,7/19/15,0,0,0,0,0,0,0
10,1,7/20/15,6111,657,1,0,0,0,0
10,2,7/21/15,6479,654,1,0,0,0,0
10,3,7/22/15,5561,600,1,0,0,0,0
10,4,7/23/15,6401,579,1,0,1,0,0
10,5,7/24/15,6152,603,1,0,1,0,0
10,6,7/25/15,4713,475,1,0,1,0,0
10,7,7/26/15,0,0,0,0,1,0,0
10,1,7/27/15,7212,662,1,1,1,0,0
10,2,7/28/15,6140,593,1,1,1,0,0
10,3,7/29/15,5524,518,1,1,1,0,0
10,4,7/30/15,6186,556,1,1,1,0,0
10,5,7/31/15,7185,681,1,1,1,0,0